3216 5044
1165 424 1205 484 59

80 591 143 650 eius
167 590 286 668 quidem
310 589 391 650 docti
414 589 470 650 viri
495 589 668 650 coniectura
694 588 783 650 laude
806 588 898 666 digua
922 593 975 650 est.
1019 591 1095 650 Nam
1120 591 1208 682 Dion,

80 693 166 753 sicuti
194 692 232 752 de
254 711 297 752 or.
316 692 426 751 LXXII
445 696 504 764 1,1
530 708 623 768 agens
651 691 855 752 demonstrare
879 694 1004 752 conatus
1027 691 1133 770 euml),
1155 711 1207 752 vo·

80 793 163 853 cibus
190 777 275 852 αὐτὸ
302 781 410 871 μόνον
439 809 512 853 usus
541 811 600 853 uon
625 795 679 852 est.
722 793 831 870 Itaque
861 810 927 852 oum
957 793 1043 853 aliam
1071 794 1112 853 illi
1139 795 1207 854 loco

78 899 239 957 afferamus
262 895 438 956 medicinam
462 912 587 957 necesse
603 896 648 974 sit,
671 896 750 955 hanc
772 895 803 954 in
818 898 933 955 textum
956 897 1091 974 recipere
1113 897 1206 975 scrip·

78 1004 175 1060 turam
210 1012 360 1077 propono:
394 992 451 1056 καὶ
480 987 520 1056 τὸ
549 990 611 1075 μὲν
640 993 735 1075 σῶμα
769 985 939 1078 παρούσης
971 987 1079 1075 μόνον
1113 983 1207 1078 αὐτῷ

78 1090 277 1162 αἰσθάνεται
304 1097 363 1180 τῆς
386 1085 581 1180 ἀλγηδόνος.
627 1101 704 1160 Nam
731 1100 858 1177 primum
886 1099 1005 1176 quidem
1034 1099 1205 1161 facillimam

78 1224 146 1266 eam
169 1221 235 1265 esse
257 1205 462 1266 coniecturam
486 1202 613 1264 libenter
636 1200 794 1278 comoedos,
816 1205 977 1278 propterea
1000 1202 1082 1279 quod
1105 1205 1206 1264 melio·

78 1326 146 1368 rum
163 1305 299 1375 codicum
319 1304 498 1382 scripturam
522 1304 611 1382 plane
626 1306 749 1365 secutus
770 1303 845 1362 nihil
861 1303 941 1363 aliud
956 1302 1023 1380 feci,
1045 1305 1103 1365 uisi
1125 1305 1207 1382 quod

77 1409 174 1469 verba
196 1391 291 1487 αὐτῷ
313 1397 421 1485 μόνον
449 1407 535 1466 aliter
558 1405 710 1482 ordinavi;
740 1405 821 1482 quod
843 1406 935 1467 verbo
958 1399 1130 1486 παρούσης
1157 1407 1208 1468 ad·

77 1513 211 1589 scriptus
234 1515 281 1571 est
303 1510 422 1571 dativus
447 1492 548 1589 αὐτῷ,
572 1512 602 1569 te
624 1527 684 1569 uon
709 1508 852 1580 offendet3
882 1508 994 1569 hiatum
1018 1515 1116 1570 autem
1140 1514 1209 1588 post

76 1632 245 1690 pronomen
269 1598 363 1690 αὐτῷ
386 1610 558 1688 saepissime
573 1610 750 1688 invenimus,
773 1610 861 1671 sicuti
882 1613 1011 1688 posteris
1026 1613 1208 1689 temporibus

79 1716 289 1776 demonstrare
312 1714 383 1773 mihi
398 1712 552 1791 proposui,

164 1818 217 1880 01.
237 1818 279 1878 1v
296 1820 346 1894 69,
362 1820 394 1877 4:
421 1800 465 1894 μὴ
488 1811 611 1873 θέλειν.
656 1814 705 1876 Sic
726 1815 756 1874 iu
781 1814 934 1877 codicibus
954 1815 1013 1878 No
1041 1819 1071 1878 et
1092 1817 1123 1875 in
1147 1810 1208 1876 edi·

75 1923 162 1982 tione
178 1921 293 1980 Venulo
315 1918 459 1995 seriptum
480 1915 629 1993 videmus;
652 1915 769 1978 codices
789 1918 889 1977 autem
911 1915 964 1978 ΒΟ
987 1919 1142 1979 exhibent:
1163 1904 1208 1997 μὴ

75 2015 223 2095 ἐθέλειν,
252 2020 282 2081 id
309 2018 392 2096 quod
415 2023 446 2080 et
468 2019 625 2097 Emporion
649 2022 679 2078 et
700 2017 876 2079 Diudorfius
897 2021 928 2080 in
950 2024 1065 2080 textum
1088 2039 1208 2098 recepe·

75 2129 161 2186 runt
204 2125 271 2184 Hoc
290 2124 358 2184 loco
381 2121 485 2182 doctos
500 2121 566 2183 illos
581 2122 663 2181 viros
686 2126 849 2199 propterea
871 2123 956 2199 sequi
977 2140 1104 2202 nequeo,
1126 2124 1208 2202 quod

74 2228 161 2288 Dion
188 2227 287 2287 hiatus
310 2224 428 2286 vitandi
451 2223 551 2285 studio
579 2227 743 2284 commotus
774 2224 862 2284 talem
885 2225 970 2303 sequi
992 2225 1069 2288 solet
1090 2225 1209 2286 dicendi

75 2349 178 2404 usum,
201 2332 233 2389 ut
249 2329 292 2388 eis
307 2327 390 2403 loeis,
413 2326 464 2387 ubi
480 2326 627 2387 voeabula
644 2327 674 2386 in
690 2326 813 2387 vocules
829 2326 996 2388 desinentia
1018 2328 1211 2406 antecedunt,

65 2426 198 2491 θέλειν
227 2428 387 2508 praeferat,
417 2428 525 2489 ceteris
556 2433 655 2489 autem
685 2429 759 2489 loeis
789 2428 885 2491 forma
912 2420 1043 2489 ἐθέλειν
1071 2429 1209 2502 utatur.²]

74 2537 183 2612 Atque
205 2538 239 2593 ut
261 2531 471 2608 demonstrem,
493 2549 582 2608 quam
606 2549 675 2591 raro
698 2534 767 2608 post
787 2531 908 2592 vocales
930 2532 1056 2593 verbum
1080 2525 1230 2604 ἐθέλειν·

73 2635 283 2714 usurpaverit,
313 2651 417 2694 omnes
447 2651 499 2695 eos
526 2634 619 2712 locos,
650 2651 725 2711 quos
753 2635 783 2694 in
811 2634 948 2694 omnibus
975 2635 1079 2696 Dionis
1109 2634 1210 2696 inveni

75 2727 279 2813 orationibus,
306 2736 502 2797 enumerabo:
536 2737 834 2814 or.xxxl117,2:
864 2725 909 2816 μὴ
935 2727 1076 2811 ἐθέλειν,
1108 2743 1157 2813 27,
1178 2743 1209 2800 3:

73 2830 196 2902 πάντα
224 2832 368 2917 έθέλειν;
395 2858 438 2900 or.
457 2841 566 2901 XXXV
588 2843 617 2918 5,
637 2843 668 2900 4:
695 2828 739 2917 μὴ
768 2830 882 2916 dodim
913 2857 955 2898 or.
975 2839 1112 2900 XXXXV
1130 2846 1157 2919 7,
1176 2845 1211 2919 ὃς

71 2960 168 3006 ποτε
191 2934 383 3019 ἐθέλουσιν;
412 2962 454 3004 or.
474 2943 571 3004 LXVI
594 2946 640 3014 15,
662 2947 693 3005 3:
724 2937 774 3020 τῷ
796 2931 1009 3021 linivieum,
1038 2961 1080 3002 or.
1101 2943 1211 3006 LXXII

71 3045 189 3108 τοῦτο
206 3041 392 3108 ἐθέλουσιν.
438 3049 571 3123 Quarum
594 3048 857 3125 discrepantiarum
887 3065 954 3106 oum
981 3064 1150 3124 perparvus
1173 3049 1211 3107 sit

73 3170 237 3232 numerus,
259 3156 386 3230 apparet
408 3152 545 3213 omnibus
561 3153 603 3211 eis
617 3152 699 3226 locis,
723 3150 772 3211 ubi
795 3154 864 3228 post
879 3151 1000 3211 vocales
1023 3150 1074 3209 alii
1091 3149 1210 3210 codices

72 3259 209 3318 formam
226 3248 344 3330 ἐθέλω,
367 3255 416 3316 alii
432 3249 527 3314 θέλω
548 3255 698 3333 exhibent,
724 3255 847 3316 formam
863 3247 957 3314 θέλω
979 3245 1209 3332 praeferendam

72 3379 160 3438 esse,
182 3360 269 3422 sicuti
293 3379 336 3421 or.
350 3362 392 3422 IV
409 3364 458 3438 69,
473 3365 501 3434 4,
525 3360 562 3421 de
579 3379 638 3437 quo
655 3361 722 3420 loco
746 3377 826 3421 nuno
848 3378 914 3436 ago.
958 3360 1067 3436 Neque
1089 3357 1125 3416 ab
1142 3357 1209 3415 Em-

71 3459 1210 3543 mfflfflfflfflmmmmmfflffimwwffifflm

72 3567 147 3628 ΜΒ
158 3565 220 3627 ΝΟ
236 3565 282 3625 ed.
295 3567 368 3626 Ven.
389 3565 484 3626 secuti
507 3566 536 3625 in
552 3569 667 3626 textum
682 3569 865 3642 receperunt
886 3551 930 3644 μὴ
944 3555 1085 3636 ἐθέλειν,
1108 3579 1209 3638 quam-

72 3685 176 3747 quam
199 3668 230 3728 in
253 3666 356 3729 codice
379 3666 515 3728 Parisino
537 3668 560 3730 G
583 3668 726 3745 seriptum
751 3666 886 3728 videmus
907 3656 951 3747 μὴ
973 3660 1097 3724 θέλειν.

172 3786 222 3848 Or.
237 3788 279 3848 VI
300 3791 350 3865 38,
366 3792 400 3850 6:
431 3773 568 3867 φεύγειν
591 3781 626 3847 δὲ
654 3773 722 3846 ἀπὸ
748 3779 808 3866 μὲν
835 3782 907 3846 τῶν
934 3771 1096 3845 ἀνόπλων
1124 3772 1210 3862 πρὸς

70 3882 167 3962 τοὺς
197 3873 442 3969 ὡπλισμένους,
473 3874 541 3950 ἀπὸ
570 3884 605 3950 δὲ
630 3886 701 3949 τῶν
727 3873 950 3969 ὡπλισμένων
976 3893 1099 3966 χωρεῖν
1125 3875 1211 3964 πρὸς

70 3985 167 4064 τούς
196 3979 374 4065 ἀνόπλους.
419 3993 467 4056 Sic
497 3995 527 4054 iu
558 3993 711 4054 codicibus
736 3995 795 4054 BN
826 3997 856 4054 et
883 3994 912 4053 iu
943 3992 1072 4052 editione
1095 3992 1210 4050 Veneta

70 4098 231 4176 scriptum
253 4096 399 4170 videmus,
430 4096 497 4156 libri
519 4101 618 4158 autem
638 4096 731 4157 Poll
761 4095 901 4157 omittunt
928 4095 1052 4156 verbum
1077 4099 1208 4172 χωρεῖν.

174 4293 452 4364 empnam

173 4376 357 4458 bOEpQ
