3216 5044
391 434 411 490 4

391 600 520 659 Palatini
539 601 573 679 P,
596 603 731 661 Vaticani
749 603 783 679 V,
809 602 889 663 unde
916 603 1027 663 factum
1055 609 1108 676 est,
1136 611 1169 665 ut
1195 607 1317 684 saepius
1346 607 1375 666 in
1399 607 1513 666 addita-

391 703 498 762 mentis
526 721 578 764 eas
600 704 729 764 reiceret
754 704 907 781 lectiones,
935 724 1009 782 quas
1036 707 1066 766 in
1089 711 1202 766 textum
1230 713 1397 785 receperat
1439 708 1513 768 Tre·

391 803 486 864 decim
508 806 595 866 annis
617 811 685 884 post
711 805 886 867 Ludovicus
913 807 1088 868 Dindorrius
1115 811 1291 886 recognovit
1317 811 1423 870 Dionis
1450 829 1515 870 ora-

390 907 498 978 tiones;
528 908 641 984 quain
664 901 796 969 editione
825 914 939 986 quanta
965 909 1112 969 collocata
1139 910 1231 970 fuerit
1252 929 1331 988 spes,
1360 913 1514 990 cognosci-

390 1027 455 1068 mus
481 1026 518 1070 ex
540 1008 586 1070 his
609 1007 734 1082 Geelii1)
757 1012 869 1071 verbis:
906 1011 1099 1083 ,Convaincu
1127 1031 1239 1072 commo
1261 1014 1295 1090 je
1322 1006 1426 1089 l’dtais,
1453 1033 1515 1092 qne

389 1112 468 1171 Dion
494 1112 578 1171 allait
600 1115 724 1173 trouver
747 1106 898 1191 i’dditeur,
925 1111 1001 1190 qu’ii
1024 1114 1065 1173 lui
1088 1113 1161 1191 faut,
1184 1116 1217 1192 je
1241 1133 1287 1176 me
1310 1117 1371 1175 suis
1394 1115 1516 1195 desiste,

389 1232 426 1273 en
449 1211 556 1273 favour
578 1213 615 1273 de
640 1216 677 1273 M.
697 1215 731 1274 L.
746 1214 885 1290 Dindorf,
912 1215 953 1274 du
976 1215 1044 1292 plan
1068 1234 1128 1292 que
1147 1209 1258 1293 j'avais
1281 1236 1376 1294 conca
1400 1217 1437 1277 de
1460 1236 1515 1294 pn·

388 1315 463 1374 hlier
487 1319 552 1376 tout
573 1316 601 1377 le
623 1320 706 1377 texte
729 1317 769 1377 dn
792 1316 1108 1395 rhemor-philosophe
1132 1317 1311 1378 deP1·nsc.“
1359 1317 1418 1378 Sed
1441 1320 1515 1380 Din-

389 1416 510 1495 dorfius,
533 1422 566 1478 ut
580 1420 778 1495 promiscuam
794 1423 957 1496 apparatus
972 1419 1144 1496 Emporiani
1160 1422 1333 1480 varietatem
1355 1421 1513 1499 simplicio-

389 1538 451 1579 rem
474 1520 624 1597 redderet,
648 1539 769 1598 oporam
793 1539 853 1580 non
877 1522 967 1599 dedit,
990 1540 1078 1598 qnam
1095 1521 1210 1582 obrem
1234 1522 1335 1583 Gasda
1354 1523 1431 1582 insto
1447 1523 1513 1584 iure

388 1622 507 1682 videtur
531 1624 601 1683 mihi
623 1624 812 1684 Diodorfium
835 1626 1031 1702 vituperasse,
1054 1643 1207 1702 exponens
1231 1625 1349 1698 haec²):
1382 1627 1434 1697 ,ln
1458 1626 1514 1686 der

388 1724 523 1784 Vorrede
547 1726 646 1785 erhalt
669 1744 737 1784 man
760 1730 832 1785 statt
854 1726 937 1785 einer
957 1726 1095 1802 prtcisen
1111 1726 1235 1802 Angahe
1259 1726 1312 1785 der
1328 1745 1425 1786 neuen
1441 1727 1513 1787 Les·

387 1831 473 1886 arten
496 1827 559 1887 und
581 1828 662 1887 ihrer
685 1827 813 1901 Quelien
841 1827 887 1887 ein
914 1829 1136 1888 unbestimmtes
1159 1827 1276 1888 Gerede
1304 1828 1377 1888 dher
1398 1829 1514 1889 allerlei

389 1930 484 1990 Arten
508 1950 566 1991 von
589 1933 721 1991 Fehlern
745 1978 752 1991 .
774 1977 781 1992 .
803 1976 811 1992 .
834 1933 920 1992 Neue
944 1930 1181 1991 Handschriften
1209 1930 1277 1991 sind
1300 1931 1383 1991 nicht
1406 1935 1513 1992 heran·

386 2051 536 2111 gezogen;
567 2034 631 2093 hier
662 2034 725 2093 und
756 2032 795 2093 da
825 2035 1000 2094 ersoheinen
1031 2035 1178 2112 spdrliche
1205 2034 1514 2114 Kleiuhesserungen,

388 2137 473 2196 meist
494 2154 549 2195 aus
573 2136 639 2196 dem
655 2137 792 2213 Apparet
806 2156 866 2196 von
881 2137 1041 2213 Emporius
1064 2136 1093 2195 in
1114 2136 1173 2196 den
1190 2138 1269 2196 Text
1290 2136 1514 2212 heranigeholt,

387 2256 444 2296 von
468 2231 623 2298 Dindorfs
647 2239 768 2314 eigener
792 2236 880 2298 Hand
905 2237 1054 2297 allenfalis
1078 2238 1185 2297 einmal
1208 2238 1255 2297 ein
1277 2227 1441 2296 κάλλιστα
1462 2238 1514 2299 fdr

387 2339 434 2399 ein
459 2340 575 2400 minder
593 2339 755 2416 passendes
776 2325 920 2418 μάλιστα
944 2339 1006 2398 und
1021 2340 1215 2416 dergleichcp
1239 2383 1245 2395 .
1268 2385 1275 2399 .
1298 2383 1305 2398 .
1328 2383 1336 2398 .
1358 2333 1513 2400 Dindorf’s

386 2441 526 2518 Ausgabe
549 2451 629 2503 wtre
658 2443 758 2502 hesser
781 2441 972 2518 ungedrnckt
995 2440 1158 2518 gebiichen,
1187 2442 1265 2501 dcun
1290 2447 1406 2502 erstens
1428 2442 1515 2504 fdhrt
1601 2480 1602 2509 r

386 2547 429 2606 sie
453 2563 485 2605 so
507 2549 562 2623 gut
584 2546 640 2605 wie
662 2564 717 2622 gar
734 2546 817 2605 nicht
839 2545 897 2604 don
920 2547 998 2604 Text
1020 2545 1093 2604 dher
1116 2545 1170 2604 das
1193 2563 1251 2604 von
1274 2545 1433 2619 Emporias
1456 2545 1514 2606 Ge-

385 2647 500 2709 leistete
528 2650 635 2708 hinaus
662 2692 668 2706 .
692 2689 699 2704 .
722 2692 730 2706 .
757 2647 877 2708 endlich
905 2647 976 2706 aber
1007 2647 1128 2707 hindert
1153 2648 1195 2706 sie
1223 2647 1386 2724 moglicher
1410 2648 1514 2708 Weise
1600 2701 1601 2717 ,

387 2751 440 2810 das
462 2751 646 2811 Erscheinen
674 2751 756 2810 einer
780 2768 878 2810 neuen
901 2749 1054 2826 Ausgahe,
1082 2749 1129 2808 die
1151 2741 1374 2825 gemacht'sein
1399 2755 1515 2809 mdsste
1600 2723 1601 2752 ¹

386 2853 469 2913 nicht
491 2852 539 2913 fiir
555 2852 774 2931 Bogcngelder,
797 2852 929 2912 sondern
952 2850 1000 2911 fdr
1024 2851 1071 2911 die
1094 2855 1165 2927 gnte
1188 2849 1283 2911 Sache
1308 2850 1362 2911 der
1378 2852 1513 2912 Wissen·
1599 2925 1600 2934 ἶ

386 2954 510 3014 schaft.“
558 2955 632 3014 Indo
655 2955 691 3014 ab
714 2954 860 3014 Dindorfii
883 2953 1013 3015 editione
1040 2953 1183 3030 perpauci
1206 2954 1263 3013 viri
1286 2954 1365 3014 docti
1387 2939 1514 3013 medici·
1599 2937 1600 2997 1

384 3077 454 3118 nam
468 3059 633 3118 attulerunt
652 3056 689 3117 ad
706 3056 873 3117 sanandum
890 3061 1004 3116 textum
1026 3057 1089 3116 eius
1103 3055 1270 3133 scriptoris,
1293 3057 1344 3132 qui
1362 3056 1515 3117 medicina

384 3161 645 3220 vehementissime
668 3163 747 3236 eget;
771 3164 862 3236 atque
885 3157 1064 3218 coniecturis
1081 3158 1201 3234 quidem
1224 3162 1368 3235 quattuor
1390 3158 1512 3234 potissi·
1598 3211 1599 3232 ,

385 3282 464 3323 mum
486 3263 543 3322 viri
571 3263 801 3339 depravationes
829 3262 991 3321 lectionum
1019 3279 1126 3320 sanare
1149 3259 1340 3319 studuerunt:
1368 3260 1515 3338 Cohetus,

385 3365 494 3443 Gasda,
521 3384 579 3425 van
607 3363 839 3435 Hcrwerdenus,
872 3362 1049 3423 Schmidius.
1098 3363 1194 3422 Nemo
1229 3366 1329 3422 autem
1362 3361 1426 3421 iere
1461 3381 1513 3422 ex·

384 3469 468 3546 stitit,
497 3469 547 3545 qui
579 3467 616 3528 de
643 3468 828 3545 singulorum
852 3467 996 3526 librorum
1025 3465 1152 3526 utilitate
1183 3469 1264 3525 recto
1287 3465 1394 3525 iudicio
1423 3465 1513 3542 quid·
1597 3469 1598 3487 ¹

384 3590 472 3648 qnam
496 3575 703 3630 statueret-
727 3589 795 3629 nam
819 3588 917 3646 neque
936 3568 1105 3646 Hilgersius
1126 3586 1226 3644 neque
1248 3567 1395 3644 Sonnyus,
1419 3568 1513 3630 sicuti
1596 3599 1597 3620 r

383 3672 463 3734 inira
486 3673 704 3750 intellegemus,
732 3673 825 3733 multa
847 3671 1014 3732 attulerunt
1042 3670 1079 3729 ad
1102 3674 1185 3730 recte
1209 3668 1435 3747 cognoscendas
1458 3690 1513 3748 ge·
1596 3659 1597 3731 1

383 3775 492 3835 nuinas
514 3775 671 3852 archetypi
692 3774 866 3851 scripturas.

469 3893 554 3967 Quae
576 3911 643 3953 cum
665 3894 707 3954 ita
730 3894 797 3970 sint,
821 3909 930 3970 operae
953 3892 1082 3970 pretinm
1105 3890 1174 3950 mihi
1191 3889 1310 3950 videtur
1331 3908 1394 3950 esse
1419 3908 1513 3952 acon·
1595 3907 1596 3975 ι

469 4112 491 4174 ¹)
514 4107 591 4190 (joel,
608 4109 706 4162 Lettre
725 4106 741 4159 t
758 4105 793 4160 11.
806 4105 881 4158 Hase
899 4103 992 4187 surlle
1011 4104 1135 4158 discours
1154 4103 1190 4158 de
1207 4103 1281 4157 Dion
1299 4101 1513 4173 chrysostome,

381 4191 493 4247 intitule
512 4191 600 4260 Eloge
620 4193 654 4246 de
673 4191 699 4245 la
718 4189 883 4256 Ohcvatum,
903 4188 1090 4260 Lsyd01839,
1108 4205 1135 4256 p.
1149 4193 1174 4242 3.

467 4293 844 4362 ²)Progr.Lauhan1883:
871 4289 1013 4346 Kritische
1036 4289 1253 4358 Bemerhungen
1279 4305 1314 4344 nu
1338 4289 1393 4344 Dio
1418 4289 1511 4360 Chry·
1593 4327 1594 4406 ,

382 4386 531 4434 sostomus.
1593 4425 1594 4465 ,
