3216 5044
1160 411 1199 468 29

93 583 120 639 4:
143 577 225 637 BLN
255 571 310 634 καὶ
335 560 503 654 ἀμπέλους
525 565 791 652 ἐμπεφυτεύκασι
818 570 874 633 καὶ
897 568 1005 647 οἰκίας
1034 568 1201 654 ἐνῳκοδο-

91 670 196 757 μήκασι
218 667 360 749 πολλάς,
391 677 449 738 ΟΜ
477 671 532 734 καὶ
556 669 663 746 οἰκίας
689 665 965 755 ἐνῳκοδομήκασι
987 667 1118 748 πολλὰς
1145 672 1201 736 καὶ

93 768 245 859 ἀμπέλους
277 770 555 858 ἐμπεφυτεύκασι.
612 778 757 840 Omnibus
791 781 833 841 eis
865 781 937 840 locis
971 799 1009 841 ex
1041 782 1202 842 verborum

91 905 195 946 conexu
211 885 382 945 discernere
399 903 457 943 uon
474 882 669 960 possumus1),
690 887 756 942 utra
771 882 973 959 praeferenda
988 883 1026 942 sit
1042 879 1202 961 scriptura,

90 1007 168 1066 quam
191 987 311 1048 obrem
339 987 402 1047 sola
428 986 562 1046 codicum
589 985 647 1045 fide
674 985 712 1045 ad
740 997 812 1045 eum¹
832 984 1009 1045 adducimur
1037 987 1213 1063 lectionem·

90 1110 168 1168 quam
191 1090 358 1168 probemus.
401 1089 502 1167 Atque
523 1089 679 1166 Mmpeuius
695 1087 816 1166 quidem
839 1089 976 1148 codicum
998 1089 1057 1150 cM
1076 1089 1202 1167 seriptu-

89 1212 133 1253 ras
157 1211 209 1253 suo
233 1195 297 1253 iure
323 1194 353 1251 in
376 1197 491 1252 textum
514 1191 628 1269 recepit
655 1192 869 1251 ParisinumB
897 1191 1037 1252 deteriori
1060 1192 1202 1252 librorum

88 1297 183 1373 generi
206 1295 379 1356 adscribens
407 1295 454 1355 his
479 1294 562 1355 locis.
606 1292 657 1354 sin
686 1299 787 1354 autem
815 1295 967 1372 Hilgersio
1000 1293 1204 1356 adsentientes

87 1401 115 1458 in
136 1398 304 1458 melioribus
330 1398 411 1458 hunc
433 1397 565 1458 codicem
593 1415 819 1457 numeraremus
840 1397 931 1472 libris,
959 1398 1093 1457 codicum
1114 1398 1204 1459 BNO

87 1505 146 1568 taut
164 1499 266 1567 BLNl
289 1501 430 1560 lectiones
453 1499 628 1576 probandae
649 1503 757 1571 esseut,
782 1501 853 1577 quia
875 1503 937 1559 lum
961 1499 1021 1559 duo
1039 1499 1204 1561 deteriores

87 1604 199 1664 codices
221 1604 372 1663 coniuncti
395 1622 460 1663 oum
485 1621 546 1662 uno
569 1621 606 1662 ex
623 1603 745 1662 meliore
761 1621 872 1679 genere
895 1606 1102 1680 repugnarent
1125 1603 1205 1663 codi-

86 1709 165 1768 cibus
184 1706 254 1767 MC.
299 1705 493 1766 ludicaudum
521 1707 612 1782 igitur
639 1709 718 1766 esset
744 1705 837 1765 libros
858 1706 914 1766 BN
922 1703 947 1766 Ο
974 1707 1119 1780 genuinas
1145 1725 1206 1766 ser-

85 1828 153 1868 vare
179 1809 284 1868 Dionis
310 1808 466 1885 archetypi
493 1807 643 1878 lectiones,
672 1807 790 1867 codices
817 1812 917 1874 autem
939 1807 997 1868 OM
1025 1807 1205 1886 depravatos

84 1912 142 1970 illis
164 1910 237 1969 locis
260 1927 325 1969 esse
349 1909 536 1970 librariorum
561 1909 659 1985 eulpa.
703 1908 909 1985 Intellegimus
933 1910 1024 1986 igitur
1047 1910 1205 1987 compluri-

84 2016 138 2072 bus
160 2014 232 2072 loois
259 2013 393 2073 diversas
421 2014 587 2073 intextum
615 2012 803 2090 recipiendas
827 2031 893 2073 esse
918 2014 1093 2091 scripturas,
1121 2015 1145 2074 si
1168 2015 1206 2074 ab

82 2116 223 2192 Hilgorsii
247 2120 298 2176 aut
319 2117 344 2175 si
367 2115 402 2175 ab
425 2117 554 2192 Mmperii
577 2119 689 2176 stamus
711 2121 806 2193 parte.

167 2220 217 2278 liis
245 2219 326 2295 locis,
353 2219 404 2279 ubi
432 2219 567 2278 codicum
588 2220 651 2278 VM
680 2221 709 2278 et
736 2218 908 2279 ParisiniB
935 2219 1102 2297 scripturae
1129 2221 1206 2280 inter

81 2341 113 2382 se
136 2323 318 2398 conspirant,
345 2328 471 2398 apparet
493 2322 559 2382 libri
582 2323 605 2380 B
628 2323 770 2382 lectiones
799 2320 922 2381 eandem
947 2323 1056 2382 habere
1079 2323 1136 2382 vim
1164 2328 1207 2382 at·

81 2443 140 2502 que
164 2424 298 2483 codicum
319 2424 389 2483 VM.

168 2526 264 2586 Multo
281 2530 379 2587 autem
400 2525 552 2586 difficilius
576 2544 625 2586 res
648 2545 680 2586 se
703 2526 801 2604 habet,
824 2528 849 2586 si
872 2526 1008 2612 eodexB
1031 2527 1207 2606 discrepans

80 2635 111 2689 et
135 2649 153 2688 a
176 2629 260 2688 libris
281 2630 341 2688 VM
369 2635 399 2688 et
426 2649 444 2687 a
467 2629 648 2688 deteriorum
673 2629 807 2689 codicum
833 2648 944 2706 genere
971 2649 1049 2691 unus
1076 2631 1206 2691 omnium

78 2733 225 2792 librorum
260 2732 353 2792 bonas
387 2731 526 2792 exhibere
559 2732 680 2792 videtur
714 2732 886 2809 scripturas.
938 2734 990 2793 Mis
1023 2735 1100 2794 enim
1134 2735 1208 2794 locis

78 2835 229 2895 lectiones
252 2835 421 2895 ParisiniB
444 2835 587 2910 originem
604 2834 715 2895 ducere
739 2840 865 2913 possunt
887 2854 924 2895 ex
940 2836 1042 2895 codice
1059 2835 1084 2913 ξ,
1107 2836 1209 2896 arche·

76 2943 156 3014 typo
174 2937 309 2997 Vaticani
328 2939 360 3012 V,
382 2938 411 2996 in
428 2955 488 3014 quo
512 2938 589 2997 aliae
612 2937 741 2998 fortasse
764 2938 883 3016 saepius
903 2939 1023 2998 inerant
1042 2941 1210 3017 scripturae

75 3045 175 3116 atque
199 3045 314 3100 uosmet
336 3041 365 3098 in
389 3039 540 3099 codicibus
562 3040 619 3098 MV
641 3041 821 3115 invenimus;
852 3040 959 3100 deinde
983 3041 1077 3101 codex
1100 3043 1138 3101 B*
1159 3042 1209 3100 ab·

75 3141 229 3201 horrebat
242 3140 370 3202 fortasse
386 3142 424 3201 ab
441 3143 483 3201 eis
499 3142 698 3203 deterioribus
714 3143 876 3219 codicibus,
898 3143 949 3220 qui
970 3145 1116 3220 usquead
1133 3143 1210 3204 hane

74 3244 194 3303 servati
218 3249 289 3304 suut
310 3247 445 3304 aetatem.
490 3245 652 3304 Praeterea
674 3243 812 3304 facillime
835 3244 900 3304 fieri
922 3249 1030 3324 polest,
1060 3249 1091 3305 ut
1113 3247 1210 3305 bonae

72 3347 148 3406 illae
173 3347 345 3406 ParIsiniB
372 3348 539 3423 scripturae
570 3366 629 3407 non
657 3348 806 3422 genuinae
835 3349 941 3407 Dionis
970 3349 1124 3427 archetypi
1152 3349 1211 3408 sint

72 3449 239 3520 lectiones,
267 3448 319 3508 sed
344 3450 544 3526 coniecturae,
572 3467 649 3525 quae
671 3449 893 3526 interpolatoris
916 3451 1041 3509 alieuius
1065 3469 1154 3511 manu
1180 3451 1210 3509 in

71 3552 165 3610 hunc
189 3550 296 3610 librum
326 3551 426 3611 illatae
450 3555 530 3611 sunt.
574 3551 658 3625 Quae
687 3569 753 3612 eum
776 3553 818 3610 ita
840 3552 909 3628 sint,
937 3552 1048 3629 ubique
1071 3557 1210 3613 accurate

69 3652 308 3713 diiudicandum
332 3657 385 3731 est,
407 3653 488 3713 unde
510 3653 579 3712 illas
596 3652 707 3713 codicis
723 3654 747 3712 B
762 3651 928 3732 scripturas
951 3657 1033 3714 ortas
1056 3672 1122 3714 esse
1144 3673 1212 3731 pro-

69 3755 187 3815 babile
210 3756 256 3815 sit

173 3858 220 3916 Ex
242 3877 309 3918 mea
332 3861 429 3918 eutem
454 3858 601 3917 sententis
623 3876 723 3934 neque
738 3858 897 3934 Emporius
920 3875 1019 3935 neque
1038 3857 1213 3918 Dindorlius

66 3967 228 4020 accurate
258 3961 312 4019 has
339 3963 399 4020 tres
427 3958 613 4020 conditiones
641 3960 859 4038 discreverunt,
885 3961 938 4022 sed
968 3961 1105 4020 omnibus
1131 3960 1213 4038 loeis,

175 4124 197 4190 ¹)
220 4121 397 4189 ad1111,1:
423 4121 533 4188 Hiatus,
555 4122 604 4190 qul
627 4128 728 4190 exstat,
752 4123 776 4176 si
800 4123 946 4178 scribimus
968 4117 1068 4190 μέντοι
1079 4113 1213 4194 (Όμηρος,

66 4213 149 4277 post
171 4207 337 4276 particulam
355 4201 457 4274 μέντοι
479 4206 642 4261 offensionis
661 4207 729 4261 nihil
747 4207 840 4263 habet.
859 4239 891 4248 -
911 4209 1214 4276 ad1159,3adn0tat

64 4292 236 4348 Reiskius:
257 4286 405 4361 ηέκείνοις,
421 4307 477 4346 nou
490 4291 625 4361 improbo,
644 4294 668 4346 si
686 4292 760 4347 bono
777 4293 878 4347 nititur
895 4299 1022 4364 auctore;
1041 4293 1092 4348 sed
1109 4293 1148 4347 nil
1167 4293 1212 4347 de·

64 4379 182 4444 terior,
200 4391 271 4446 quoe
289 4382 333 4432 est
349 4377 378 4431 in
391 4360 500 4432 Veneta
519 4370 657 4434 dxaivoust‘
