3216 5044
1156 431 1197 489 39

73 687 137 759 κάν
160 689 297 760 πόλις’
281 680 301 777 ή
322 718 355 758 τι
377 697 446 759 τῶν
466 643 616 759 ἰδιωτῶν
637 716 704 759 τινι
727 693 893 760 δεδωκυῖα
915 686 1002 779 πρὸς
1024 686 1088 760 τὸν
1103 686 1198 776 άφαι-

73 792 240 882 ροέμενον
263 800 401 876 τοῦτον,
438 805 468 863 Μ
491 802 537 863 ed.
560 803 635 863 Ven.
658 789 788 862 οὐκοῦν
811 787 913 873 αὐτὸς
937 793 1036 881 λόγος
1060 821 1088 862 κ.
1113 820 1142 862 τ.
1167 800 1197 864 λ.

74 907 278 983 Βοιαοίιοοιιε,
310 905 477 984 Emporiae,
506 905 677 966 Dindorfius
700 925 767 966 cum
790 906 974 967 arbitrentur
997 907 1155 966 articulum
1179 893 1198 965 ὁ

72 1009 157 1068 nullo
181 1007 268 1068 modo
291 1007 385 1067 omitti
408 1025 507 1083 posse,
530 1007 669 1068 Reiskius
692 1007 768 1067 haee
790 1007 927 1068 adnotat:
954 993 1075 1080 ,ου’τός
1098 995 1199 1086 λόγος

73 1109 196 1170 defendi
234 1128 322 1188 posse
359 1109 514 1169 arbitror.“
573 1107 632 1170 Sed
667 1127 785 1170 errasse
819 1111 849 1169 In
881 1110 938 1170 hae
975 1129 1008 1170 re
1043 1109 1198 1171 Reiskium

71 1231 154 1272 nunc
176 1231 279 1272 omnes
301 1212 489 1288 intellegunt.
511 1243 552 1252 -
583 1216 677 1286 67,5;
699 1212 723 1270 Β
746 1201 797 1284 τὸ,
820 1212 851 1270 Μ
873 1212 920 1272 ed.
944 1215 1017 1272 Ven.
1039 1197 1115 1287 τους
1149 1217 1200 1290 67,

72 1320 105 1376 9:
145 1317 168 1374 B
199 1300 262 1373 οὐκ
290 1299 453 1393 ἠξιώσατε
483 1301 563 1373 καθ’
595 1306 631 1374 ἓν
661 1311 765 1373 τοῦτο
797 1312 1055 1394 παραχωρῆσαι,
1093 1318 1123 1376 Μ
1151 1315 1198 1376 ed.

70 1419 149 1477 Ven.
178 1401 257 1475 καθ’
280 1408 316 1475 ἓν
346 1405 473 1475 τούτου
501 1407 542 1474 τὸ
564 1412 817 1496 παραχωρήσαι;
856 1421 974 1488 68,12:
1002 1400 1141 1496 Βάμεῖς
1164 1411 1200 1476 δὲ

69 1515 138 1578 νῦν
161 1503 241 1577 ου’δὲ
264 1505 285 1576 ά
307 1508 433 1597 έφθητε
451 1513 604 1577 διαλῦσαι
618 1524 690 1588 τοῖς
706 1502 893 1596 εὐεργέταις
908 1509 994 1592 ἐᾶτε,
1017 1520 1047 1578 Μ
1063 1519 1107 1578 ed.
1125 1520 1199 1578 Ven.

70 1642 129 1681 om.
147 1607 179 1698 ἃς
211 1625 303 1698 78,2;
327 1622 350 1679 Β
373 1606 414 1678 ού
434 1614 552 1679 τοίνυν
573 1606 651 1679 οὐδὲ
671 1616 833 1678 τοιοῦτον
855 1605 956 1680 οὐδὲν
977 1611 1066 1681 ἔστιν
1081 1615 1198 1696 εἰπεῖν,

71 1709 117 1795 ὡς
140 1712 360 1782 κατὰπολὺν
381 1712 508 1801 χρόνον
529 1711 682 1801 ἐσχήκασι
705 1712 764 1792 τὰς
787 1711 891 1799 τιμάς,
921 1724 952 1782 Μ
974 1724 1021 1784 ed.
1045 1725 1118 1784 Ven.
1141 1744 1197 1785 om.

72 1812 129 1898 ὡςς
166 1830 279 1904 109,9;
303 1828 326 1885 Β
349 1812 402 1884 ὅτι
424 1811 466 1884 άν
488 1819 585 1902 θέλη,
610 1825 699 1885 Med.
716 1827 790 1884 Ven.
813 1811 866 1884 ὅτι
890 1811 932 1884 ἂν
953 1820 1059 1886 θέλοι.
1084 1859 1123 1868 -
1147 1826 1197 1888 Or.

73 1927 198 1985 XXXII:
231 1933 308 2004 6,2:
338 1917 484 2000 πάντως,
517 1929 575 1989 IIU
598 1927 644 1988 ed.
669 1929 741 1987 Ven.
770 1913 915 2005 πάντας;
953 1933 1003 2005 65,
1016 1935 1043 1991 7:
1066 1932 1090 1989 Β
1113 1919 1200 1989 κατὰ

72 2023 206 2112 μνήμην
228 2023 292 2110 τήν
313 2017 462 2112 Ὀρφέως,
493 2032 523 2092 Μ
539 2033 585 2092 ed.
601 2033 675 2092 Ven.
698 2017 784 2091 κατὰ
806 2021 937 2112 μνήμην
958 2030 1023 2092 τοῦ
1046 2019 1199 2113 Ὀρφέως;

75 2142 166 2214 86,1;
188 2136 212 2194 B
233 2124 343 2212 μόνοι,
370 2135 400 2194 Μ
422 2123 537 2213 μόνον,
560 2135 606 2195 ed.
630 2136 704 2195 Ven.
725 2123 831 2213 μόνῳ.
854 2166 897 2174 -
919 2135 969 2197 Or.
992 2133 1127 2195 XXXIV:
1149 2139 1200 2214 42,

75 2246 104 2300 σε
129 2241 155 2299 Β
178 2229 211 2297 οἱ
234 2231 367 2309 πολλοί,
399 2239 457 2296 MD
479 2237 524 2296 ed.
541 2238 616 2298 Ven.
639 2222 657 2296 6
680 2231 815 2317 πολλοί;
852 2241 948 2314 45,2:
971 2239 995 2297 B
1016 2233 1076 2311 τίς,
1103 2240 1134 2298 Μ
1156 2239 1202 2300 σᾶ.

76 2343 148 2402 Ven.
172 2334 215 2401 τί.
242 2372 284 2380 -
311 2341 362 2402 Or.
377 2338 500 2397 XXXVI
516 2345 587 2414 5,2;
611 2342 635 2400 Β
658 2325 743 2400 ὅθεν
765 2330 805 2420 δή
828 2335 884 2398 καὶ
906 2331 1037 2419 σφόδρα
1059 2331 1202 2401 ταπεινά

75 2435 116 2503 τὰ
136 2433 317 2522 πράγματα
340 2437 486 2522 κατέστη
509 2440 579 2501 τῶν
600 2425 903 2523 ταάτηἙλλήνων,
925 2441 996 2503 τῶν
1009 2436 1070 2522 μὲν
1086 2429 1201 2504 ου’κέτι

78 2542 360 2605 συνοικισθεισωι
381 2535 526 2618 πόλεων,
548 2562 619 2603 των
643 2539 678 2604 δὲ
701 2534 840 2621 φαύλως
862 2541 918 2605 καὶ
941 2563 1012 2605 των
1034 2539 1205 2608 πλείστων

79 2634 255 2726 βαρβάρων
278 2641 325 2719 είς
346 2632 450 2718 αὐτὰς
467 2637 699 2726 συρρυέντων,
728 2650 820 2708 Μ.
846 2643 947 2707 ,τῶν
968 2665 1029 2727 μεν
1052 2628 1116 2708 οὖν
1140 2634 1205 2707 οὐκ

80 2741 144 2810 ἔστι
166 2746 509 2811 συνοικισθεισῶν..
535 2751 630 2823 ,.οᾶ
646 2752 751 2811 Ven..
802 2767 902 2810 των
922 2768 984 2829 μεν
1006 2741 1071 2811 οὐν
1093 2735 1205 2812 ου’κέτι

80 2849 443 2912 συνοικισθεισων-
477 2851 527 2914 01.
542 2797 694 2910 XXXVIII
719 2858 770 2930 21,
782 2857 816 2914 4:
847 2837 971 2913 Βάίστ’
995 2841 1090 2929 ἄξιον
1120 2843 1206 2912 εἶναι

80 2955 240 3034 πολεμεῖν
261 2944 413 3034 πόλεμον
436 2941 477 3014 ου’
500 2945 681 3033 σύντομον,
708 2957 738 3015 Μ
761 2957 808 3016 ed.
832 2958 905 3016 Ven.
928 2940 1006 3015 οὐδε
1028 2945 1205 3035 σύντομον.

81 3091 120 3100 -
142 3059 191 3121 Or.
207 3057 318 3115 XXXX
334 3064 384 3135 37,
397 3063 428 3118 2:
451 3059 475 3117 Β
497 3075 517 3136 η
540 3051 602 3171 μῖὲν
623 3047 687 3166 γάρ
712 3051 874 3137 λεγομένη
889 3045 981 3176 παρά
995 3065 1067 3128 τοῖς
1088 3065 1206 3134 σοφοῖς

81 3152 291 3240 ἐπικράτησις
314 3151 497 3238 αἰθέρος,
483 3177 520 3218 εν
542 3152 570 3238 ῴ
594 3147 633 3218 τὸ
657 3154 827 3233 βασίλειον
849 3154 906 3219 καὶ
928 3152 969 3218 τὸ
976 3150 1205 3273 κυριώτατον

83 3261 137 3342 τῆς
159 3260 304 3342 ψυχικῆς
327 3248 541 3340 θυνάμεως”
523 3279 564 3321 ον
586 3248 651 3322 οὐκ
675 3246 927 3380 άπστρέπρνται
941 3259 1012 3341 πῦρ
1029 3247 1206 3342 ὀνομάζειν

82 3355 253 3436 πολλάκις,
280 3367 311 3425 Μ
326 3365 372 3425 ed.
389 3367 461 3426 Ven.
486 3409 493 3424 .
518 3410 525 3424 .
550 3410 556 3422 .
579 3361 639 3442 τῆς
661 3361 771 3443 φυχῆς
793 3358 850 3422 καὶ
873 3353 1046 3443 δυνάμεως
1069 3411 1075 3424 .
1101 3410 1108 3425 .
1132 3411 1139 3424 .
1162 3395 1206 3407 -

33 3513 34 3518 η
83 3465 429 3539 0r.XXXXVII5,10:
461 3469 484 3526 B
515 3460 626 3525 καίτοι
655 3457 801 3547 ποιητήν
831 3450 872 3527 σά
898 3461 1037 3545 χείρονα
1062 3451 1206 3582 Ὁμήρου

34 3561 37 3624 ί
82 3564 255 3648 παρέχεται
278 3560 339 3630 τὸν
359 3554 565 3643 Απόλλωνα,
599 3572 629 3629 Μ
653 3570 698 3630 ed.
722 3571 796 3629 Von.
819 3564 875 3629 καὶ
897 3556 959 3628 τάν
983 3560 1139 3685 ποιητήν
1163 3601 1205 3612 -·-

35 3629 39 3766 ή
84 3671 130 3732 Or.
150 3671 330 3729 XXXXVIII
350 3678 423 3747 3,6:
454 3661 544 3732 Βτό
572 3688 608 3750 γε
634 3657 703 3750 μήν
729 3667 1034 3752 προεξανίστασθαι
1056 3662 1100 3752 μή
1124 3662 1205 3748 σφό-

84 3755 376 3894 δραάχνωμονή,
399 3774 491 3836 Med.
508 3777 580 3835 Ven.
601 3767 683 3854 μηδε
705 3764 911 3854 σφόδρα-
942 3774 993 3836 Or.
1008 3774 1157 3853 1L4‚12:
1180 3776 1204 3834 Β

85 3871 111 3936 εἲ
131 3895 174 3950 τι,
203 3879 294 3941 Mod
311 3881 384 3938 Ven
408 3870 437 3936 εί
457 3895 582 3948 τις.-
609 3878 658 3939 Or.
675 3878 790 3954 L4,:8
819 3867 969 3956 Βέγωγε
991 3867 1055 3955 τήν
1077 3866 1206 3955 βουλήν

85 3968 124 4038 οά
145 3969 255 4057 μόνον
277 3965 373 4056 άξίαν
396 3977 492 4059 τιμής
514 3975 620 4058 κρίνω
645 4023 702 4039 ...
728 3965 813 4039 άλλά
834 3975 891 4039 καὶ
913 3968 1087 4058 θαυμάζω,
1112 3981 1141 4038 Μ
1157 3979 1203 4040 ed.

85 4084 155 4142 Ven.
171 4101 231 4143 om.
251 4068 302 4162 οὐ,
336 4087 363 4156 5,
376 4087 409 4146 9:
432 4085 456 4143 B
471 4068 705 4161 θεραπεύσειν,
729 4085 757 4142 Μ
775 4083 820 4142 ed.
837 4084 909 4144 Ven.
932 4071 1147 4161 θεραπεύειν.
1163 4110 1205 4121 -

85 4185 131 4246 Or.
145 4182 283 4243 LXXVII
299 4191 347 4264 15,
360 4191 392 4248 5:
415 4189 439 4246 B
462 4173 571 4254 ἄλλον
595 4173 688 4264 άλλιμ
704 4182 850 4260 φθονεῖν
859 4182 892 4258 ¹),
914 4168 1049 4244 άκοινά
1063 4167 1206 4262 ὑπάρχει

87 4285 183 4348 πᾶσιν
207 4274 326 4365 άγαθά,
355 4292 385 4350 Μ
408 4288 454 4350 ed.
477 4290 551 4350 Ven.
574 4288 729 4365 φθονεῖν,
751 4274 772 4367 ἢ
796 4272 817 4347 ἃ
838 4273 939 4347 κοινά
959 4318 1010 4348 -.

166 4455 189 4522 ¹)
208 4451 282 4506 Vide
298 4454 391 4509 adnot.
409 4451 438 4505 iu
457 4451 561 4522 pagina
578 4451 754 4526 insequente.
