3216 5044
797 1430 910 1511 Pars
940 1428 1101 1530 prima.
1163 1494 1165 1500 .

900 1586 1002 1594 —.

476 1657 586 1718 Omnes
607 1657 726 1718 codices
749 1658 889 1734 Dioueos,
911 1657 963 1734 qni
979 1657 1097 1733 quidem
1114 1658 1224 1716 servati
1239 1659 1323 1719 nobis
1338 1665 1415 1734 sunt,
1438 1665 1512 1718 tam-

390 1780 478 1838 quam
502 1761 614 1820 rivulos
641 1778 777 1820 manasse
805 1778 841 1819 ex
865 1760 950 1835 libro,
977 1759 1028 1836 qui
1051 1760 1108 1818 iam
1131 1760 1230 1820 multis
1252 1761 1432 1837 depravatus
1456 1761 1514 1821 luit

390 1863 514 1940 mendis,
537 1868 664 1940 apparet
686 1881 752 1922 cnm
776 1880 813 1920 ex
837 1862 984 1920 communi
1005 1861 1143 1921 vitiorum
1167 1862 1290 1934 ratione,
1314 1867 1377 1922 tum
1400 1882 1437 1922 ex
1460 1863 1513 1922 ad·

390 1966 572 2038 ditamentis‚
602 1983 680 2042 quac
708 1965 738 2022 11
767 1963 903 2023 omnibns
932 1964 1127 2023 inveniuntur
1157 1964 1237 2024 libris
1265 1983 1354 2024 mann
1384 1966 1514 2041 scriptis.

389 2069 435 2127 De
458 2067 559 2144 priore
573 2067 626 2126 illa
641 2085 674 2126 re
697 2066 793 2125 fusius
813 2083 904 2142 agere
927 2083 1183 2141 supervacaneum
1207 2067 1277 2125 mihi
1293 2065 1421 2144 videtur,
1444 2085 1513 2126 oum
1598 2069 1599 2072 ’

390 2187 492 2229 omnes
514 2169 571 2228 viri
594 2168 684 2246 docti,
706 2169 757 2245 qni
781 2169 831 2228 vel
854 2168 1007 2245 paululum
1030 2167 1061 2226 11
1084 2169 1189 2227 Dionis
1210 2169 1359 2229 orationes
1382 2170 1513 2228 animum

389 2270 594 2346 intenderunt,
628 2271 753 2331 eandem
785 2270 1006 2347 amplectantur
1036 2267 1248 2344 sententiam.1)
1299 2269 1514 2331 Additamenta

390 2381 488 2434 autem
512 2373 653 2450 nondum,
677 2371 758 2450 quod
782 2374 882 2445 sciam,
910 2376 1082 2432 enumerata
1105 2378 1184 2449 sunt,
1211 2378 1397 2450 quapropter
1418 2375 1514 2434 tribus

389 2477 490 2536 verbis
513 2477 550 2536 de
567 2474 834 2551 depravationibus
855 2474 934 2534 illins
949 2477 1066 2550 generis
1089 2475 1189 2535 dicere
1212 2477 1282 2535 mihi
1303 2477 1400 2536 liceat.
1442 2476 1514 2537 Sino

389 2579 449 2638 ulla
465 2577 652 2638 dubitatione
675 2578 769 2638 oratio
786 2577 839 2654 lII,
862 2577 969 2653 inqua
989 2577 1068 2636 Dion
1092 2576 1129 2637 de
1145 2594 1238 2653 regno
1259 2578 1329 2654 agit,
1351 2577 1514 2654 plurimum

389 2678 672 2757 interpolationibus
688 2679 810 2740 foedata
825 2684 882 2755 est,
905 2699 971 2738 nam
994 2697 1053 2738 non
1068 2679 1164 2739 solum
1185 2677 1221 2750 §i
1238 2681 1277 2741 56
1294 2683 1324 2739 et
1339 2683 1388 2755 57,
1411 2678 1447 2750 §i
1462 2683 1515 2757 83,

390 2787 440 2856 84,
456 2785 506 2860 85,
529 2782 546 2853 ἓ
564 2785 624 2844 108
648 2783 738 2858 plane
754 2782 790 2841 ab
808 2784 873 2857 ipsa
888 2781 993 2841 Dionis
1009 2799 1098 2839 mann
1114 2779 1285 2857 abhorrere,
1304 2799 1407 2840 verum
1424 2782 1514 2840 etiam

389 2886 421 2944 in
443 2883 550 2943 ceteris
572 2883 771 2959 paragraphis
799 2882 919 2957 singula
941 2882 1035 2941 verba
1062 2881 1240 2956 singulaque
1267 2881 1421 2940 enuntiata
1447 2899 1515 2940 esse

390 2986 577 3062 emblemata,
599 2985 756 3061 Emperius
774 2985 923 3060 sagaciter
939 2984 1086 3060 exposuit
1122 2984 1238 3043 Deinde
1255 2984 1517 3044 commemoranda

390 3093 436 3150 est
458 3087 553 3147 oratio
573 3087 624 3161 Xl,
653 3084 689 3145 de
712 3087 797 3146 cuius
823 3086 1021 3162 paragraphis
1043 3089 1102 3146 127
1124 3090 1153 3144 et
1175 3088 1235 3146 128
1262 3085 1367 3145 doctus
1394 3085 1444 3145 ille
1466 3086 1516 3144 vir

389 3195 467 3256 iusto
490 3190 554 3248 inre
577 3190 651 3248 haec
674 3187 757 3247 dicit:
787 3193 878 3256 „sunt
901 3186 1055 3264 delendae,
1083 3190 1116 3246 ut
1138 3205 1175 3246 ex
1198 3185 1446 3246 antecedentibus
1468 3205 1516 3246 re-

390 3290 533 3369 petitae“;
562 3271 719 3367 praeterea
741 3290 845 3361 §lau
868 3293 976 3351 3-10
1004 3291 1128 3348 multum
1154 3289 1245 3348 habet
1268 3288 1453 3363 suspicionis,
1483 3293 1518 3348 ut

392 3397 522 3454 omittam
549 3393 822 3470 8111272130,
853 3392 901 3451 ubi
927 3391 1174 3468 interpolationes
1204 3410 1264 3451 non
1294 3395 1409 3450 tantum
1437 3409 1516 3450 com-

390 3497 564 3573 plectuntur
590 3492 750 3554 verborum
779 3513 943 3554 numerum.
991 3495 1066 3554 Tum
1094 3494 1215 3552 afferam
1243 3511 1284 3552 or.
1304 3493 1409 3568 LXVI,
1436 3511 1517 3568 quae

392 3603 437 3658 est
464 3597 501 3656 de
523 3597 633 3674 gloria3
663 3597 712 3656 hic
735 3597 812 3656 enim
839 3596 1021 3674 paragraphi
1043 3598 1083 3656 28
1106 3599 1136 3654 et
1156 3597 1195 3655 29
1223 3613 1284 3654 non
1307 3594 1412 3653 Dionis
1434 3599 1519 3672 sunt,

391 3700 444 3761 sed
467 3700 580 3758 librarii
603 3699 737 3758 alicuius.
781 3699 918 3774 Denique
942 3717 983 3757 or.
1004 3699 1053 3774 lV,
1073 3700 1114 3758 54
1138 3701 1168 3756 et
1189 3697 1253 3774 XX,
1272 3699 1311 3757 25
1341 3701 1410 3755 sunt
1432 3696 1518 3756 addi-

392 3808 492 3862 menta
514 3801 716 3872 librariorum,
744 3801 774 3860 in
797 3801 952 3879 permultis
975 3805 1073 3859 autem
1096 3801 1162 3858 aliis
1185 3798 1368 3859 orationibus
1395 3803 1521 3860 exstant

392 3905 491 3975 verba,
522 3923 601 3981 quae
628 3924 647 3964 a
670 3905 765 3965 Dione
792 3903 955 3964 abhorrere
985 3903 1144 3979 Emperius
1171 3919 1225 3961 suo
1252 3903 1316 3960 iure
1342 3902 1521 3962 arbitratur.

392 4009 437 4067 Ex
459 4007 504 4066 his
527 4025 592 4066 oum
615 4007 705 4084 plane
728 4007 847 4066 eluceat
870 4007 989 4082 saepius
1012 4007 1042 4065 in
1063 4005 1199 4064 omnibus
1221 4003 1371 4063 codicibus
1390 4005 1522 4065 Dioneis

392 4111 490 4169 inesse
518 4099 701 4186 emblemata,
730 4107 908 4169 concludere
936 4109 1006 4168 licet
1032 4125 1133 4167 omnes
1155 4107 1246 4166 libros
1275 4107 1522 4182 manuscriptos

485 4293 505 4355 ¹)
531 4287 574 4344 df.
592 4288 761 4358 Emporium,
783 4286 870 4356 praef.
890 4305 916 4356 p.
929 4287 984 4341 Vll
1007 4286 1022 4356 ξ
1040 4291 1069 4355 93
1099 4284 1284 4354 Diodorfium,
1307 4283 1396 4354 praef.
1414 4303 1440 4354 p.
1461 4287 1526 4358 1113

393 4374 560 4450 Kayserum‚
579 4373 748 4431 hliiuohener
766 4372 897 4429 Gelebrte
914 4371 1070 4440 Anaeigen,
1091 4375 1164 4439 1845,
1183 4371 1301 4440 111213,
1319 4387 1345 4444 p.
1359 4375 1416 4430 616,
