3216 5044
382 414 456 476 46·

381 586 532 647 codicisO
554 585 731 663 scripturam
756 601 854 663 neque
877 580 1017 646 editionis
1032 583 1166 647 Venetae
1181 581 1340 648 lectionem
1357 569 1400 647 dv
1416 566 1503 650 ‹insc-

381 678 528 768 θήσοοσι
550 688 733 766 respondere
755 689 904 766 genuinae
921 689 1077 766 archetypi
1093 691 1261 767 scripturae
1275 697 1413 769 apparet
1448 694 1504 754 Ita·

381 812 441 870 que
463 791 558 852 codex
575 792 738 852 Vaticanus
754 793 791 868 Η,
813 791 851 851 de
871 810 931 869 quo
947 793 1106 869 Emperius
1115 787 1137 868 ¹)
1153 793 1229 853 hacc
1244 793 1329 854 dicit:
1355 795 1504 867 „nondum

380 897 471 972 igitur
499 897 556 956 hoo
582 895 658 955 libro
688 896 794 956 melior·
820 895 961 955 inventus
991 893 1067 972 est“,
1100 896 1188 955 etiam
1219 896 1277 956 hoc
1307 897 1375 959 loco
1398 898 1504 959 honam

381 1016 518 1059 servasse
551 997 621 1058 mihi
654 997 774 1058 videtur
807 998 986 1074 scripturam
1020 999 1165 1059 exhibens
1200 984 1241 1057 dv
1266 983 1503 1078 ἀπειθήσασιν.

381 1103 458 1161 Nam
489 1102 512 1161 si
543 1100 685 1160 orationis
715 1099 795 1160 illius
817 1100 1040 1177 paragraphum
1064 1105 1082 1161 3
1106 1101 1276 1161 accuratius
1299 1102 1432 1180 intueris,
1464 1105 1506 1163 in·

381 1182 509 1279 tellegcs¹
528 1201 574 1262 bis
597 1203 722 1262 Dionem
747 1206 816 1278 post
838 1202 1076 1262 coniunctionem
1101 1189 1144 1261 ἄν
1165 1221 1225 1262 non
1247 1205 1422 1282 praesentis,
1453 1205 1506 1264 sed

381 1305 482 1366 aoristi
506 1306 650 1381 temporis
672 1323 758 1365 usum
782 1322 847 1365 esse
869 1305 1072 1365 coniunctivo:
1102 1290 1145 1363 dv
1165 1293 1299 1384 τύχωσι,
1335 1292 1377 1365 dv
1398 1300 1506 1367 ἴδωσι.
1602 1317 1603 1320 ’

382 1410 427 1468 Ex
450 1426 516 1468 mea
538 1408 629 1483 igitur
651 1407 809 1485 sententia,
831 1409 865 1466 ut
887 1407 995 1485 omnia,
1018 1426 1219 1487 quaecuuque
1241 1409 1278 1469 de
1302 1411 1441 1471 hocloco
1458 1431 1508 1472 ox-

380 1511 475 1587 posui,
498 1510 593 1570 tribus
616 1509 799 1586 complectar
821 1508 930 1580 verbis,
952 1509 1095 1570 facillime
1117 1529 1154 1570 ex
1171 1511 1325 1572 codicibus
1341 1514 1399 1575 He
1415 1518 1508 1592 atque

381 1633 419 1674 ex
446 1612 575 1674 editione
608 1614 721 1673 Veneta
748 1613 911 1690 genuinam
941 1613 1097 1690 archetypi
1127 1614 1285 1674 lectionem
1324 1634 1508 1692 cognoscere

381 1733 549 1792 possumus,
586 1734 665 1793 quae
694 1715 799 1775 melius
830 1714 959 1793 quadrat
989 1733 1076 1793 quam
1101 1717 1336 1778 Meermanniani
1359 1722 1388 1779 M
1416 1723 1508 1796 atque

381 1820 556 1880 ParisiniB
586 1820 763 1896 scripturae
802 1819 832 1878 in
864 1822 977 1878 textum
1009 1820 1101 1895 igitur
1131 1819 1206 1881 haec
1235 1821 1409 1898 recipienda
1442 1840 1509 1883 esse

381 1939 502 1982 censeo:
525 1904 578 1980 ὅτι
600 1913 724 1980 ἐκεῖνοι
745 1907 831 1979 κατὰ
850 1910 915 1999 τὴν
928 1905 1045 1980 αὐτῶν
1060 1906 1257 2002 ἀφροσύνην
1271 1917 1328 1981 καὶ
1345 1907 1510 2004 ἀναισθη-

381 2017 468 2096 σίαν,
490 2008 533 2081 ἂν
555 2006 797 2100 ἀπειθήσασιν,
821 2008 1040 2104 ἁπειθήσειαν
1063 2009 1114 2082 ἄν.

466 2163 557 2222 Nnno
585 2162 754 2240 complures
785 2161 966 2222 enumerabo
996 2162 1086 2234 locos,
1121 2162 1171 2222 ubi
1199 2162 1312 2223 codicis
1334 2163 1510 2224 ParisioiB

383 2268 560 2345 scripturae,
582 2284 762 2344 quamquam
786 2284 823 2326 ex
846 2265 1025 2326 coniecturis
1041 2267 1105 2326 sine
1121 2267 1213 2328 dubio
1229 2272 1314 2328 ortae
1329 2274 1408 2339 suut,
1430 2269 1512 2329 benc

381 2375 481 2431 tamen
504 2371 619 2430 servari
641 2373 776 2448 possunt,
810 2367 891 2446 quod
915 2370 1098 2447 reliquorum
1122 2370 1258 2431 codicum
1282 2372 1426 2432 lectiones
1439 2391 1511 2449 pro·

383 2472 446 2532 bari
474 2466 638 2550 nequeunt
1605 2453 1606 2460 ἵ

469 2613 514 2671 Ita
542 2628 590 2670 res
619 2628 651 2671 se
678 2609 768 2669 habet
791 2628 834 2670 or.
849 2610 929 2669 LXV
948 2613 996 2687 11,
1008 2613 1037 2683 5,
1068 2611 1119 2671 ubi
1143 2611 1173 2670 in
1196 2611 1299 2672 codice
1322 2612 1460 2672 Parisino
1486 2615 1511 2674 B

383 2714 456 2773 haec
486 2713 623 2773 videmus
645 2714 770 2789 scripta:
804 2693 901 2771 οὗτοι
925 2701 987 2791 γάρ
1011 2706 1073 2772 εἰσι
1094 2709 1262 2794 θησαυροὶ
1284 2708 1411 2789 βέβαιοι
1433 2760 1442 2774 .
1469 2761 1477 2774 .
1502 2760 1510 2774 .

382 2806 441 2876 ἐὰν
471 2810 509 2875 δέ
538 2833 589 2886 τις
619 2802 733 2889 λαβών
762 2805 844 2896 ῥίψῃ
865 2809 922 2874 καὶ
945 2804 985 2894 νὴ
1008 2809 1070 2874 Δία
1091 2813 1204 2888 κακῶς
1226 2815 1282 2894 θῇ,
1304 2807 1427 2897 θύραις
1452 2814 1510 2878 καὶ
1606 2843 1607 2878 ι

360 2991 362 2998 Α
384 2925 541 3000 σφραγῖσι
563 2912 621 2978 καὶ
644 2913 751 2978 κλεισὶ
772 2907 943 2978 πιστεύων
966 2964 972 2976 .
998 2962 1005 2976 .
1030 2962 1047 2996 .,
1069 2919 1099 2979 in
1123 2919 1254 2981 editione
1269 2920 1385 2980 Veneta
1406 2925 1510 2984 autem

383 3023 457 3083 haec
488 3023 565 3083 inest
592 3022 755 3102 scriptura:
789 3067 796 3080 .
822 3067 829 3080 .
854 3067 860 3080 .
884 3011 1016 3100 θύραις,
1049 3028 1206 3101 σφραγῖσι
1234 3017 1291 3081 καὶ
1320 3018 1458 3099 κλεισί;.
1479 3026 1511 3084 in
1606 3029 1607 3060 ³

382 3127 547 3204 archetypo
575 3127 667 3203 igitur
689 3126 870 3186 deteriorum
894 3124 1029 3185 codicum
1052 3130 1121 3202 post
1143 3126 1361 3187 substantivum
1383 3115 1511 3204 θύραις

382 3231 551 3290 coniunctio
585 3216 642 3288 καί
675 3247 735 3289 non
766 3227 868 3306 fuisse,
902 3228 956 3288 sed
988 3230 1178 3290 coniecturae
1210 3229 1258 3289 via
1284 3230 1314 3289 in
1343 3230 1452 3290 librum
1486 3232 1512 3290 B

382 3332 539 3410 irrepsisse
561 3331 688 3392 videtur.
732 3333 767 3392 Iu
791 3331 899 3391 ceteris
922 3329 1076 3392 codicibus
1091 3336 1253 3410 corruptae
1269 3336 1389 3393 exstant
1403 3333 1514 3394 lectio-

381 3454 448 3512 nes,
476 3434 721 3496 Meermanniauo
744 3435 773 3494 M
797 3434 969 3495 exhibente:
1001 3423 1120 3511 θύραις
1142 3428 1199 3493 καὶ
1222 3423 1353 3514 σφόδρα
1374 3429 1514 3510 κλείσει,

382 3533 519 3598 Parisino
543 3537 681 3598 autemO
704 3543 734 3597 et
757 3538 900 3598 Vaticano
917 3537 958 3598 H:
980 3522 1001 3615 ἢ
1024 3525 1147 3615 θύραις
1169 3532 1226 3596 καὶ
1248 3531 1353 3597 κλεισὶ
1375 3526 1512 3616 σφόδρα

382 3635 504 3717 κλείσῃ.
555 3641 655 3700 Primo
686 3639 791 3701 obtutu
814 3639 895 3718 quod
919 3639 1045 3701 fortasse
1069 3659 1128 3701 non
1152 3658 1327 3718 cognosces,
1356 3659 1445 3718 quam
1471 3641 1511 3701 ob

317 3749 319 3754 '
383 3762 445 3804 rem
475 3761 542 3803 com
566 3739 699 3816 Geelio²)
729 3741 840 3803 codicis
862 3743 886 3802 B
908 3741 995 3804 lectio
1017 3742 1220 3830 praeferenda
1242 3745 1280 3803 sit
1302 3743 1427 3804 editioni
1453 3745 1513 3803 Ve-

384 3852 480 3923 netae,
502 3845 608 3925 paucis
630 3846 705 3906 haec
729 3863 880 3923 exponere
903 3846 974 3905 mihi
997 3845 1096 3906 liceat.
1132 3844 1278 3906 Omnibus
1293 3847 1336 3906 cis
1352 3847 1434 3924 locis,
1461 3846 1516 3905 ubi

383 3949 461 4008 Dion
484 3947 541 4008 tria
564 3948 684 4010 nomina
707 3948 870 4024 coniunxit,
898 3952 949 4009 aut
972 3948 1018 4008 bis
1039 3948 1192 4028 particula
1215 3942 1271 4006 καί
1293 3952 1340 4008 est
1362 3966 1433 4008 usus
1458 3953 1516 4010 aut

382 4069 446 4110 eam
470 4051 627 4130 usurpavit
649 4051 784 4130 figuram,
805 4069 884 4127 quae
906 4052 1077 4112 nominatur
1099 4050 1280 4126 asyndetou3
1317 4051 1409 4110 veluti
1431 4050 1516 4128 legis

383 4173 424 4214 or.
440 4151 566 4210 XXXIII
582 4157 610 4233 9,
622 4158 655 4215 5:
679 4137 939 4233 Ἀριστοφάνους
960 4146 1021 4232 μὲν
1042 4141 1171 4231 ἤκουον
1192 4147 1249 4212 καὶ
1265 4147 1435 4231 Κρατίνου
1453 4148 1517 4211 καὶ

468 4320 490 4382 ¹)
509 4314 553 4374 Cf.
571 4333 598 4386 p.
612 4321 659 4371 ter
678 4317 732 4386 §2

467 4405 490 4470 ²)
508 4401 607 4458 Dionis
626 4400 818 4472 chrysostomi
835 4395 1005 4470 'Oi'vpmxdc
1025 4406 1098 4470 1840,
1116 4419 1143 4471 p.
1156 4407 1214 4457 428.
