3216 5044
1214 395 1251 455 19

589 562 714 623 Oratio
737 565 802 624 XII.

219 668 268 737 10,
284 669 315 725 e:
339 665 395 724 uu
421 650 471 736 ἄν,
495 665 586 726 ouu
605 654 675 734 ἕνα
701 669 796 741 ruo:
819 667 875 726 uu
898 651 1072 738 βούλεσθε,
1094 666 1156 725 uu
1180 655 1259 738 ece-

131 763 260 836 λεσθαι;
285 769 335 842 28,
353 771 405 826 14:
430 767 519 827 BAU
540 761 659 846 όηλῶς,
682 769 711 826 Μ
732 761 893 846 dulcidum
917 772 966 839 32,
983 773 1014 829 3:
1035 769 1123 828 ΒΑΜ
1144 760 1258 827 αἰσθα-

132 861 295 945 νομένοις,
323 869 383 929 ΟΜ
405 858 658 946 αἰσθανόμενοι;
687 874 783 947 37,1;
813 871 902 930 BAU
924 867 993 948 τῆς,
1023 872 1051 928 Μ
1074 851 1124 948 ἦςς
1156 875 1205 946 64,
1227 876 1259 932 6;

131 972 220 1031 BAU
243 961 419 1044 ἐδύναντο,
448 973 477 1030 M
499 957 683 1051 ἦδόναντος
715 976 764 1049 68,
785 977 817 1034 3;
845 974 934 1033 ΒΑΜ
958 965 1099 1052 tonores,
1128 974 1187 1035 OM
1210 965 1258 1030 ἒν-

132 1071 230 1152 αργῆ;
263 1079 311 1146 69,
333 1079 365 1136 9;
392 1075 481 1136 BUA
506 1065 638 1155 ῥᾳδίως,
666 1075 724 1135 ΟΜ
747 1066 875 1156 (indiam
908 1080 956 1151 85,
978 1081 1009 1138 3:
1037 1078 1125 1138 BDId
1148 1057 1259 1152 οὗτος,

133 1177 255 1238 ΟΜΑΜ
279 1163 399 1248 οὕτως.

217 1281 262 1339 Ex
285 1280 331 1340 his
353 1280 556 1357 intellegimus
583 1280 739 1341 indecem
768 1282 873 1342 Diouis
899 1281 1085 1342 orationibus
1113 1282 1259 1343 ducentos

132 1385 250 1442 exstare
273 1383 365 1458 locos,
392 1384 443 1442 nbi
467 1383 563 1444 codex
586 1385 740 1444 Parisinus
763 1386 787 1444 Β
814 1384 932 1445 easdem
957 1389 1116 1462 corruptas
1140 1385 1260 1444 exbibet

132 1484 296 1562 scripturas
322 1491 412 1562 atque
441 1486 607 1547 deteriores
633 1487 709 1546 libri.
754 1488 854 1564 Atque
883 1487 1101 1566 discrepantiae
1129 1487 1260 1564 quidem,

132 1606 209 1664 quac
232 1587 425 1647 intercedunt
452 1589 529 1648 iuter
552 1588 607 1649 hos
630 1588 750 1648 codices
779 1593 870 1666 atquc
898 1590 976 1649 intcr
999 1591 1137 1651 meliores
1160 1590 1262 1666 libros

131 1694 201 1749 erint
224 1693 334 1764 tantae,
362 1695 396 1748 ut
418 1708 488 1750 casn
513 1689 642 1766 quodam
672 1690 824 1750 librarium
849 1689 962 1750 codicis
985 1693 1009 1750 B
1038 1691 1141 1750 eadem
1164 1691 1258 1750 textui

132 1792 299 1851 inculcasse
322 1791 437 1868 menda,
468 1810 546 1869 quae
574 1793 677 1851 insunt
704 1793 734 1851 iu
763 1792 944 1853 deteriorum
974 1792 1108 1853 codicum
1138 1811 1262 1869 genere,

132 1895 237 1953 utiam
254 1893 324 1965 dixi,
348 1894 428 1955 credi
453 1912 512 1954 uon
537 1895 641 1971 possit.
685 1895 729 1954 Ex
754 1913 789 1953 ea
811 1896 902 1972 igitur
924 1913 957 1956 rc
981 1895 1085 1956 eodem
1107 1896 1193 1956 modo
1217 1901 1259 1955 at·

131 2015 190 2073 que
215 2016 252 2056 ex
274 1997 326 2056 ilia
354 2015 442 2073 quam
466 2014 560 2073 supra
582 1996 694 2073 protuli
721 2015 812 2056 causa
839 1999 927 2074 piane
950 2017 1097 2076 apparere
1124 1999 1194 2058 milri
1218 1999 1259 2058 vi·

132 2099 220 2158 detur
247 2098 380 2159 codicem
404 2100 428 2158 B
455 2117 515 2159 non
539 2100 568 2159 iu
592 2098 715 2160 meliore
738 2099 954 2159 numerandum
979 2100 1091 2160 familia
1111 2101 1177 2177 MV,
1206 2100 1259 2160 scd

132 2202 259 2261 medium
278 2202 362 2279 quasi
379 2219 443 2261 esse
466 2203 544 2262 inter
559 2201 726 2263 deteriores
743 2201 866 2262 codices
889 2207 979 2280 atque
995 2204 1073 2263 iuter
1088 2203 1179 2264 libros
1193 2204 1259 2263 MV.

218 2305 301 2364 Haec
325 2323 415 2380 quam
438 2306 563 2382 exposui
587 2305 740 2366 sententia
757 2304 846 2365 etiam
870 2307 1023 2367 nonnuliis
1047 2308 1261 2384 comprobatur

131 2409 212 2480 locis,
238 2407 286 2467 nbi
309 2408 477 2467 ParisiniB
500 2409 668 2486 scripturae
691 2412 721 2468 et
742 2408 946 2469 amelioribus
969 2413 999 2468 et
1023 2430 1041 2469 a
1063 2410 1260 2482 deterioribus

131 2510 278 2570 recedunt
294 2509 457 2570 codicibus.
493 2511 601 2586 Neque
624 2509 712 2587 euim,
735 2510 885 2587 quomodo
909 2510 978 2570 illae
995 2512 1060 2571 iibri
1077 2513 1101 2570 Β
1116 2512 1260 2572 lectiones

131 2617 216 2673 ortae
232 2613 300 2688 sint,
316 2612 467 2690 explicare
483 2630 652 2690 possumus,
670 2613 726 2672 nisi
743 2620 884 2689 putamus
900 2613 1032 2674 codicem
1048 2616 1087 2674 B*
1105 2613 1143 2673 ad
1160 2614 1259 2672 melio-

131 2735 181 2776 res
197 2720 364 2776 correctum
381 2733 446 2776 csse
461 2714 589 2788 libros.¹)
621 2715 673 2774 ldis
688 2715 760 2774 locis
777 2716 931 2776 meliorum
944 2717 1079 2777 codicum
1093 2715 1259 2793 scripturae

131 2820 229 2878 bonae
246 2822 323 2888 snut,
346 2817 515 2877 reiciendae
539 2821 638 2877 nutem
663 2822 693 2877 et
714 2817 826 2877 codicis
842 2818 1008 2878 ParisiniB
1030 2823 1060 2879 et
1079 2818 1259 2879 deteriorum

133 2921 279 2981 librorum
296 2921 450 2979 lectiones.
486 2918 536 2979 Or.
553 2919 594 2978 IV
611 2924 682 2997 124,
698 2924 715 2981 3
737 2918 856 2979 codices
872 2920 929 2981 OM
952 2921 1027 2980 hacc
1047 2922 1189 2982 exhibent
1212 2919 1260 2980 λε-

132 3018 289 3106 γομέναις
304 3011 354 3099 δή,
377 3021 439 3082 ΝΟ
455 3020 545 3082 editio
559 3023 673 3082 Veneta
690 3015 890 3100 λεγομένων,
913 3024 937 3081 Β
954 3017 1156 3100 λεγομέναις.
1195 3024 1261 3082 Hoc

132 3128 200 3187 loco
224 3126 355 3186 codicem
373 3127 412 3185 13⁸
438 3124 562 3184 eandem
586 3125 653 3184 olim
677 3124 845 3184 exhibuisse
868 3125 1044 3200 scripturam
1067 3128 1158 3201 atquc
1182 3125 1260 3185 dete·

130 3232 227 3290 riores
251 3228 341 3289 libros
364 3247 420 3304 pro
444 3230 526 3288 certo
549 3227 659 3306 babeo;
687 3231 794 3305 postea
816 3230 915 3287 auteur
939 3228 1013 3286 haec
1036 3227 1126 3288 lectio
1149 3227 1260 3289 codicis

131 3330 183 3408 §²)
211 3332 388 3392 auctoritate
419 3333 532 3390 mutata
559 3334 603 3390 eet
630 3330 660 3388 in
688 3329 766 3388 hanc
793 3323 1001 3407 λεγομέναιςς
1029 3349 1131 3406 vocem
1160 3335 1258 3390 autem

131 3424 174 3515 δὴ
193 3433 364 3493 adscribere
387 3433 528 3492 librarius
552 3450 611 3490 nou
633 3431 834 3491 necessarium
856 3431 1008 3490 indicavit.
1050 3433 1099 3494 Or.
1115 3433 1155 3491 Vl
1175 3437 1259 3507 53,6

131 3535 287 3597 codicibus
315 3535 374 3595 OM
407 3534 483 3593 hacc
514 3533 626 3593 tradita
656 3537 740 3592 sunt:
771 3522 1002 3612 πληγήσεσθαι
1030 3524 1260 3612 πανταχόθεν,

131 3638 236 3698 codiee
255 3637 429 3697 Monacensi
449 3637 477 3696 N
497 3639 588 3713 etque
610 3635 741 3696 editione
756 3636 871 3696 Veneta
896 3628 932 3693 dt
947 3626 1164 3714 πανταχόθεν
1179 3635 1260 3717 πλη-

129 3731 309 3821 γήσεσθαι,
341 3739 436 3798 codex
462 3743 559 3798 autern
588 3738 745 3798 Parisinus
768 3739 792 3797 B
820 3737 941 3798 oxiribet
968 3732 1003 3798 δὲ
1030 3727 1260 3819 πληγήσεσθαι

130 3831 361 3920 πανταχόθεν.
406 3842 498 3901 Plane
522 3860 559 3902 ex
582 3841 734 3902 sententia
758 3846 972 3918 meaapparct
994 3841 1137 3902 hocloco
1160 3842 1189 3902 iu
1214 3861 1260 3902 co·

131 3946 237 4006 diceB
260 3963 364 4005 vocem
381 3937 417 4002 dt
440 3947 602 4020 propterea
617 3943 724 4018 inesse,
747 3941 827 4019 quod
852 3941 985 4002 deterius
1006 3941 1142 4003 codicum
1163 3962 1260 4019 genus

131 4049 211 4107 hanc
233 4047 411 4124 particulam
435 4045 563 4117 exhibet,
589 4045 749 4104 verborum
773 4047 870 4103 autem
898 4043 1033 4103 ordinem
1062 4044 1099 4104 ad
1124 4045 1260 4104 meliores

131 4155 301 4211 correctum
314 4167 379 4209 cese
392 4148 485 4208 libros
501 4164 619 4207 censeo.
652 4144 702 4205 Or.
713 4147 755 4206 xi
770 4150 817 4219 62,
831 4150 849 4206 5
865 4147 895 4206 in
912 4145 1016 4206 codice
1029 4148 1059 4205 Μ
1074 4148 1153 4207 inest
1165 4138 1214 4218 dr',
1230 4149 1260 4207 iu

219 4296 241 4358 ¹)
264 4290 307 4347 Of.
323 4309 349 4361 p.
365 4297 395 4346 14
413 4292 508 4345 adnot.
523 4295 545 4346 1.

218 4381 242 4447 ²)
263 4377 309 4433 Sic
328 4377 469 4432 nominare
488 4376 553 4430 mibi
571 4376 653 4431 liceat
670 4374 853 4446 archetypum
868 4374 999 4430 Vaticani
1014 4375 1047 4430 V.

1075 4463 1107 4516 2*
