3216 5044
418 407 457 464 62

417 576 506 634 autea
528 572 665 650 exposui,
690 573 821 649 apparet
845 571 912 631 illas
933 573 1099 648 scripturas
1125 574 1272 650 genuinas
1295 591 1362 636 ease
1390 568 1521 635 codicisd

416 674 570 737 lectiones
613 676 702 736 Nunc
724 677 823 734 autem
851 692 956 735 eorum
983 676 1164 737 mentionem
1190 675 1298 737 faciam
1325 678 1462 755 locorum,
1482 677 1521 736 ubi

417 778 576 839 deterioris
598 777 718 854 generis
741 776 817 854 libri,
843 778 1032 838 Monacensis
1051 778 1089 856 N,
1112 779 1301 839 Monacensis
1323 778 1358 852 0,
1384 779 1522 840 editioVe·

417 885 496 956 neta,
519 899 578 941 non
602 879 802 955 consentiunt,
824 879 877 939 sed
899 880 977 940 aliua
996 880 1092 940 codex
1115 881 1204 941 aliam
1220 882 1343 943 exhibet
1357 882 1521 960 scripturam.

418 985 463 1044 De
479 983 521 1043 eis
534 981 609 1042 locis
630 981 726 1042 insius
748 985 794 1042 est
816 981 1035 1060 disserendum,
1058 986 1160 1043 utrum
1181 982 1278 1044 bonae
1294 984 1445 1062 lectiones,
1464 1003 1522 1062 quae

419 1088 522 1147 insunt
551 1087 581 1145 in
611 1089 698 1163 parte
728 1084 910 1145 deteriorum
937 1086 1101 1163 librorum,
1130 1087 1280 1163 genuinae
1307 1088 1417 1149 codicis
1440 1082 1458 1146 d
1478 1087 1523 1147 siut

418 1189 597 1267 scripturae,
619 1206 657 1247 an
680 1187 871 1249 librariorum
893 1188 1048 1265 putandae
1070 1189 1273 1249 coniecturae.

503 1290 553 1352 Or.
573 1292 617 1350 llI
637 1296 666 1368 6,
681 1295 713 1352 6:
736 1274 806 1369 ὅτῳ
821 1284 858 1349 δὲ
876 1288 1093 1372 παμπληθεῖς
1111 1284 1173 1369 μὲν
1186 1275 1404 1354 ὑπακούουσι
1421 1283 1523 1362 πόλεις,

419 1380 603 1472 πάμπολλα
625 1386 662 1451 δὲ
684 1382 769 1472 ἔθνη
791 1389 994 1469 κυβερνᾶται
1014 1384 1069 1453 διὰ
1082 1389 1141 1474 τῆς
1156 1385 1288 1454 ἐκείνου
1304 1385 1447 1476 γνώμης,
1466 1382 1524 1454 ἀνα·

418 1491 567 1576 ρίθμητα
599 1488 635 1554 δὲ
664 1492 753 1571 φῦλα
784 1480 982 1573 ἀνθρώπων
1013 1484 1135 1574 ἄμικτα
1170 1481 1328 1578 ἀλλήλοις
1363 1483 1524 1574 ἀποβλέπει
1576 1524 1577 1533 ¹

418 1589 507 1678 πρὸς
527 1593 609 1676 μίαν
631 1587 812 1678 φρόνησιν·
833 1587 975 1658 πάντων
997 1581 1097 1670 οὗτος
1120 1584 1319 1680 ἀνθρώπων
1334 1634 1387 1662 -.
1577 1680 1578 1689 ¹

506 1701 556 1762 Sic
578 1701 658 1778 apud
682 1702 854 1778 Emporium
876 1707 907 1762 et
928 1703 1011 1780 apud
1034 1702 1223 1764 Dindorlium
1246 1706 1392 1783 scriptum
1415 1704 1525 1765 videmus
1577 1755 1578 1792 ,

419 1807 539 1866 secutos
558 1804 691 1865 codicem
707 1805 741 1883 P,
762 1806 816 1882 qui
837 1805 916 1866 hauc
935 1806 1058 1867 exhibet
1073 1806 1266 1883 scripturam:
1288 1793 1433 1866 πάντων
1447 1788 1526 1873 οὗτος
1573 1816 1579 1916 ’1

418 1891 626 1986 ἀνθρώπων.
671 1909 706 1967 lu
735 1906 840 1968 codice
867 1913 968 1969 autom
994 1909 1017 1970 (i
1047 1910 1187 1986 legimus:
1215 1899 1359 1970 πάντων
1387 1897 1449 1970 οὖν
1473 1905 1526 1967 τῶν
1577 1923 1578 1964 i

304 2087 306 2092 Ι
422 1994 632 2086 ἀνθρώπων,
662 2027 752 2087 quam
782 2009 941 2071 lectionem
971 2011 1085 2072 librarii
1114 2013 1307 2091 neglegentia
1341 2032 1379 2075 ex
1408 2002 1527 2072 πάντων

421 2093 522 2182 οὗτος
544 2097 743 2190 ἀνθρώπων
765 2117 860 2173 ortam
884 2132 950 2174 esse
978 2114 1167 2193 crediderim,
1196 2119 1357 2194 propterea
1384 2116 1462 2194 quod
1481 2132 1526 2174 uon
1577 2085 1580 2204 l

421 2218 518 2278 solum
541 2216 574 2276 in
596 2217 733 2277 Palatino
757 2219 791 2294 P,
820 2217 874 2278 sed
903 2216 992 2278 etiam
1020 2219 1051 2279 in
1078 2218 1276 2280 deterioribus
1298 2219 1450 2280 codicibus
1475 2235 1528 2294 pro·

420 2338 528 2380 nomen
551 2299 653 2390 οὗτος
674 2320 764 2396 inest,
790 2319 930 2380 facillime
952 2324 1052 2380 autem
1077 2321 1234 2383 librarium
1257 2341 1312 2398 pro
1335 2322 1428 2383 verbo
1448 2301 1528 2387 οὗτος

421 2421 551 2482 scribere
577 2423 711 2499 potuisse
734 2401 797 2481 οὖν
819 2418 891 2481 τῶν
918 2441 978 2483 non
1004 2424 1137 2500 negabis.
1180 2425 1288 2501 Itaque
1316 2443 1385 2485 cum
1412 2423 1529 2497 codcxy

421 2527 500 2585 hanc
515 2525 685 2586 exhibuisse
700 2525 838 2586 videatur
854 2526 1044 2604 scripturam:
1066 2515 1209 2586 πάντων
1223 2507 1326 2599 οὗτος
1341 2512 1528 2606 ἀνθρώπων,

420 2629 451 2688 in
475 2628 551 2688 libro
575 2622 595 2687 d
616 2628 691 2688 haee
713 2628 838 2722 fuerunt
860 2630 985 2708 scripta:
1006 2619 1148 2689 πάντων
1168 2616 1208 2709 δὴ
1230 2611 1332 2702 οὗτος
1351 2615 1529 2710 ἀνθρώπων
1579 2615 1581 2644 ⁴

420 2735 473 2791 aut
494 2719 638 2790 πάντων
661 2722 697 2790 δὲ
720 2723 820 2801 οὗτος
842 2715 1077 2812 decipulam)
1122 2735 1157 2794 ln
1181 2733 1312 2794 editione
1334 2734 1414 2795 euim
1433 2733 1529 2792 Veneta
1574 2762 1579 2793 ι

420 2835 597 2912 particulam
621 2828 657 2894 δέ
683 2835 861 2913 invenimus,
888 2837 1024 2897 codicum
1054 2841 1153 2897 autem
1180 2836 1403 2898 Monacenainm
1423 2837 1451 2896 N
1469 2829 1529 2894 etl)

419 2939 598 3000 auctoritate
615 2937 766 3016 scriptura
781 2924 924 2998 πάντων
939 2923 980 3020 δὴ
996 2922 1099 3010 οὗτος
1116 2924 1313 3018 ἀνθρώπων
1328 2939 1531 3018 comprobatur.

420 3041 515 3102 Nunc
537 3040 679 3118 quoniam
702 3059 780 3118 quae
802 3042 937 3103 codicum
961 3060 983 3121 γ
1004 3046 1035 3102 et
1058 3037 1078 3101 d
1099 3042 1214 3104 suerint
1228 3044 1407 3122 scripturae,
1429 3042 1531 3102 demon·

419 3150 516 3205 strare
532 3144 631 3204 conati
647 3161 760 3223 sumus,
782 3163 870 3222 quam
887 3145 1092 3223 praeferamus
1108 3147 1274 3225 lectionem,
1296 3163 1447 3224 exponere
1461 3141 1532 3208 nobis

419 3248 515 3309 liceat.
560 3247 683 3322 Quanta
708 3267 859 3326 quamque
887 3250 1040 3310 excellens
1067 3250 1106 3310 sit
1131 3268 1236 3328 regum
1259 3250 1403 3327 potentia,
1431 3245 1532 3308 disertis

418 3350 519 3411 verbis
541 3350 619 3411 Dion
643 3351 701 3411 hoe
724 3351 790 3411 loco
813 3353 950 3429 exponit;
972 3355 1065 3430 atque
1080 3352 1174 3413 verba
1189 3352 1311 3430 quidem
1335 3341 1473 3411 πάντων
1488 3331 1532 3406 ἆν-

420 3441 575 3530 θρώπων
596 3453 626 3512 iu
643 3453 694 3526 eia,
717 3471 794 3530 qnae
809 3454 1001 3527 antecedunt,
1023 3455 1054 3514 in
1069 3454 1129 3516 tria
1149 3459 1232 3516 secat
1247 3471 1372 3533 genera:
1394 3448 1533 3532 παμπλη-

418 3555 492 3626 θεῖς
515 3544 642 3628 πόλεις,
664 3544 853 3633 πάμπολλα
876 3545 971 3637 ἔθνη,
994 3541 1211 3636 ἂναρίθμητα
1234 3553 1337 3632 φῦλα.
1384 3557 1468 3632 Quae
1487 3552 1534 3613 tria

420 3676 535 3737 genera
564 3677 631 3719 cum
661 3677 741 3720 nunc
768 3661 896 3721 vocibus
926 3649 1067 3719 πάντων
1098 3646 1295 3738 ἀνθρώπων
1328 3661 1534 3737 complectatur,

419 3763 569 3840 particula
596 3762 744 3839 quaedam
771 3781 826 3824 suo
856 3763 925 3824 milri
948 3763 1069 3824 videtur
1096 3782 1162 3825 esse
1189 3764 1266 3842 loeo,
1299 3782 1377 3842 quac
1400 3763 1479 3823 valet
1504 3754 1534 3818 ad
1579 3713 1581 3804 d

421 3865 588 3941 aagendam
616 3864 755 3926 adiectivi
777 3854 922 3925 πάντων
944 3868 1012 3926 vim.
1056 3867 1180 3927 Talibus
1201 3870 1302 3928 autam
1325 3865 1399 3926 locis
1420 3863 1534 3924 Diouem

420 3987 496 4029 voce
525 3957 566 4046 δή
600 3987 687 4029 usum
717 3986 785 4030 osse
819 3970 896 4031 bene
925 3971 1066 4046 exposuit
1095 3967 1296 4043 Schmidius1)
1328 3969 1449 4030 dicens:
1484 3951 1534 4039 »δὴ

421 4070 558 4131 schliesst
580 4070 638 4132 Dio
665 4072 744 4132 uach
765 4072 922 4133 attisclrem
945 4073 1065 4134 Braucls
1091 4091 1130 4134 au
1153 4071 1460 4150 Relativprouomina,
1486 4065 1536 4128 Ad·

421 4247 625 4372 subinduum
647 4251 771 4319 genuina
793 4250 898 4306 codicia
920 4253 936 4305 d
961 4252 1088 4322 putanda
1112 4252 1150 4308 sit
1174 4252 1324 4323 scriptura,
1350 4249 1426 4306 iufra
1449 4245 1536 4304 diiudi-

507 4387 531 4453 ¹)
549 4383 679 4442 Wilhclm
698 4385 819 4456 Sobmld,
837 4389 855 4442 l.
867 4403 893 4444 c.
909 4404 938 4458 p.
952 4393 1009 4446 184.
