3216 5044
384 396 424 460 48

385 571 457 631 nihil
480 568 548 630 milri
572 565 692 630 videtur
715 566 909 646 comprobari,
932 564 1012 647 quoti
1035 590 1093 631 vox
1109 552 1207 649 inape
1229 565 1380 648 adscripta
1395 575 1441 632 est
1455 565 1501 632 ad·

384 674 492 732 iectivo
523 655 667 730 τοιαῦθ’.
719 672 828 731 Verum
859 691 899 731 or.
923 669 1058 728 LXXVII
1084 678 1139 749 1,1
1165 691 1267 733 omncs
1290 674 1409 733 codices
1431 675 1500 734 lraec

385 775 539 834 exhibent:
563 760 617 832 διὰ
639 770 745 832 ταῦτα
769 767 825 831 καὶ
847 763 889 832 τὰ
911 769 1052 832 τοιαῦτα
1075 766 1237 854 ἐνομίσθη
1262 762 1366 850 σοφὸς
1384 767 1422 834 ἐν
1436 783 1501 847 τοῖς

377 861 531 957 Ἕλλησιν
550 859 705 947 Ἡσίοδος,
739 877 1035 954 quapropteretiam
1060 896 1101 937 or.
1125 875 1195 934 XIII
1219 882 1295 950 14‚1
1320 877 1500 956 probandam

385 998 450 1040 esse
473 980 649 1057 scripturam
673 975 780 1040 ταῦτα
802 974 858 1037 καὶ
880 969 922 1037 τὰ
944 976 1087 1038 τοιαῦτα
1110 999 1227 1042 censeo.

470 1083 603 1142 Transeo
627 1101 708 1142 nunc
731 1082 769 1142 ad
791 1084 910 1142 tertium
933 1089 1032 1160 caput,
1063 1084 1111 1142 ubi
1136 1101 1237 1144 carum
1262 1084 1438 1144 mentionem
1462 1084 1502 1143 la·

385 1186 459 1244 ciam
484 1186 661 1262 orationum,
684 1184 859 1261 quibuscum
882 1191 1002 1262 practer
1025 1183 1157 1244 codicem
1174 1187 1382 1246 ParisinumB
1405 1191 1435 1246 et
1457 1186 1503 1245 de·

384 1291 509 1347 teniores
532 1287 623 1348 libros
646 1287 834 1365 meliorisque
857 1289 976 1363 generis
999 1287 1138 1347 familiam
1156 1289 1242 1349 HPu
1266 1290 1355 1349 etiam
1376 1290 1441 1366 ipse
1457 1308 1503 1349 co·

385 1390 443 1449 dex
465 1389 599 1450 Venetus
617 1390 642 1448 V
665 1389 790 1450 collatus
806 1393 860 1450 cst.
896 1392 931 1450 ln
947 1390 1003 1450 illis
1019 1390 1204 1450 orationibus
1220 1392 1301 1469 quod
1319 1393 1408 1469 longe
1424 1392 1504 1452 mini·

385 1512 449 1553 mus
465 1496 563 1553 exstat
578 1510 680 1552 eorum
696 1493 829 1552 lucorum
846 1510 996 1571 numerus,
1012 1493 1062 1553 ubi
1079 1493 1267 1554 ParisInusB
1284 1512 1362 1554 unus
1377 1495 1504 1554 omnium

384 1597 527 1656 librorum
558 1594 653 1656 bonas
682 1612 818 1655 servasse
849 1593 968 1654 videtur
999 1597 1170 1672 scripturas,
1208 1597 1274 1656 miri
1306 1596 1379 1658 nihil
1409 1597 1504 1657 habet.

384 1700 476 1758 Immo
500 1699 603 1757 mirum
628 1701 714 1773 esset,
738 1697 786 1757 ubi
809 1702 855 1756 tot
878 1696 1011 1759 codicum
1036 1699 1180 1759 lectiones
1203 1703 1274 1760 ante
1298 1701 1400 1760 oculos
1423 1701 1506 1760 nobis

385 1806 463 1879 sunt,
496 1803 520 1861 si
551 1800 646 1861 codex
677 1802 787 1861 mixtus
810 1801 892 1860 solus
916 1801 1045 1860 omnium
1070 1801 1213 1862 librorum
1235 1779 1383 1877 genuinas
1406 1803 1506 1862 archc-

385 1905 448 1984 typi
479 1905 622 1965 lectiones
650 1904 808 1964 memoriae
839 1903 987 1980 proderet.
1011 1935 1053 1942 —
1076 1905 1175 1982 Atque
1199 1924 1237 1966 ex
1259 1905 1430 1982 quindecim
1453 1907 1508 1966 illis

385 2009 471 2082 locis,
509 2009 558 2068 ubi
590 2007 748 2085 Emporius
778 2012 808 2066 et
835 2007 1009 2068 Diudcrfius
1040 2013 1145 2068 contra
1176 2012 1342 2069 ceterorum
1372 2010 1507 2070 codicum

384 2113 591 2172 auctoritatem
608 2110 775 2170 ParisiniB
797 2112 958 2188 scripturas
979 2112 1008 2169 in
1031 2114 1143 2170 terium
1160 2117 1348 2190 receperunt,
1371 2111 1508 2172 undecim

333 2215 337 2223 '
385 2214 459 2274 tales
488 2219 567 2284 sunt,
601 2217 634 2272 ut
664 2213 897 2289 discrepantiae,
929 2231 1007 2288 quae
1039 2218 1158 2272 exstant
1187 2216 1265 2273 inter
1295 2215 1376 2274 lrunc
1402 2214 1510 2274 librum

385 2321 562 2393 ceterosque
593 2315 720 2392 codices,
753 2317 813 2374 siut
840 2315 1019 2385 levissimae;
1057 2333 1232 2376 enumerare
1256 2321 1353 2376 autem
1378 2317 1432 2376 hos
1456 2336 1510 2376 un·

384 2418 479 2479 decim
503 2418 585 2477 locos
607 2435 864 2494 supervacaneum
888 2416 957 2475 mihi
982 2417 1108 2490 videtur,
1136 2417 1216 2495 quod
1240 2419 1298 2477 iam
1321 2438 1349 2496 p.
1366 2422 1406 2480 20
1423 2423 1454 2478 et
1471 2423 1508 2480 21
1604 2471 1605 2488 ,

386 2511 487 2582 eorum
513 2524 691 2582 mentionem
714 2519 779 2579 feci.
824 2521 949 2580 Restant
970 2520 1060 2596 igitur
1082 2523 1226 2598 quattuor
1251 2523 1317 2600 loci,
1340 2522 1375 2582 de
1398 2523 1512 2599 quibus

386 2624 482 2684 fusius
505 2642 585 2684 nuuc
607 2642 703 2699 agam.
885 2631 888 2636 “
1437 2683 1439 2688 ,

471 2725 521 2786 Or.
538 2727 577 2785 Vl
594 2729 674 2804 60,5
698 2727 816 2786 codices
840 2725 995 2786 POVMN
1019 2725 1063 2784 ed.
1088 2727 1162 2786 Ven.
1184 2726 1326 2786 exhibent
1349 2729 1435 2787 hacc:
1471 2713 1512 2785 ilo

387 2824 421 2889 ot
442 2815 529 2900 ἅπας
544 2821 662 2905 ἐκλίπῃ
679 2811 697 2886 ὁ
711 2819 843 2907 χρυσὸς,
867 2813 954 2898 ἅπας
970 2822 1006 2886 δὲ
1022 2815 1041 2886 ὃ
1058 2814 1214 2906 ἄργυρος
1246 2831 1275 2888 in
1292 2829 1394 2890 codice
1410 2836 1512 2890 autem

386 2934 566 2994 ParisinoB
597 2933 670 2991 lraec
697 2932 833 2991 videmus
863 2933 986 3008 scripta:
1020 2917 1061 2988 ἃν
1085 2926 1120 2989 δὲ
1143 2915 1230 3003 ἅπας
1253 2927 1327 3010 μὲν
1348 2925 1470 3010 ἐκλίπῃ
1494 2927 1512 2990 ὁ
1605 2991 1606 3010 p

385 3025 516 3114 χρυσὸς,
540 3021 627 3104 ἅπας
650 3029 686 3093 δὲ
709 3018 728 3093 ὁ
752 3020 905 3113 ἄργυρος.
952 3033 1043 3094 (iuius
1067 3035 1133 3094 libri
1157 3036 1333 3111 scripturam
1358 3053 1424 3094 cum
1443 3037 1514 3094 Em·
1605 3035 1606 3070 ³

386 3139 488 3216 perius
518 3143 548 3198 et
570 3137 744 3198 Dindorlius
772 3138 977 3214 probaverint,
1010 3137 1087 3197 hane
1120 3138 1249 3214 amplexi
1274 3137 1343 3197 milri
1366 3138 1515 3197 videntur

386 3243 563 3302 seutentiam
594 3258 715 3300 necesse
746 3257 810 3300 esse
841 3239 1006 3317 particulae
1037 3234 1074 3298 δέ
1106 3240 1289 3318 respondere
1312 3258 1416 3300 vocem
1438 3235 1516 3318 μέν,
1605 3233 1606 3236 ’

386 3343 468 3422 quod
491 3344 663 3420 anaphoras
686 3343 783 3420 ligura
806 3343 863 3402 hoc
885 3343 951 3403 loco
973 3347 1078 3403 exstet.
1115 3345 1149 3403 lu
1166 3345 1336 3403 uuiversum
1355 3344 1431 3402 hauc
1449 3344 1515 3422 opi·

386 3448 504 3508 nionem
535 3451 646 3506 rectam
676 3463 742 3506 csse
773 3446 921 3516 conced03
959 3447 1047 3522 longe
1071 3446 1208 3524 plurimis
1232 3448 1309 3506 euim
1333 3447 1406 3506 locis
1429 3445 1516 3523 apud
1605 3449 1606 3452 ’

387 3552 522 3627 Dionem,
544 3552 569 3609 si
592 3549 711 3610 dicendi
733 3550 784 3609 illa
806 3547 934 3626 ligura¹l
959 3551 1062 3625 utitur,
1093 3568 1151 3609 uon
1175 3549 1270 3608 solum
1292 3548 1442 3625 particula
1468 3543 1517 3620 δέ,

385 3652 438 3713 scd
462 3653 549 3713 etiam
573 3672 632 3712 vor
654 3646 715 3731 μέν
739 3652 899 3712 invenitur.
944 3653 1011 3711 Duo
1035 3655 1145 3725 autem,
1167 3651 1248 3728 quod
1269 3652 1369 3727 sciam,
1392 3655 1519 3711 exstant

386 3757 443 3816 loci
467 3758 516 3816 ubi
540 3756 648 3837 omittit
669 3755 846 3833 particulam
869 3749 944 3833 μένε
968 3773 1010 3813 or.
1033 3756 1157 3832 180‚3:
1180 3747 1217 3812 ἐκ
1241 3747 1276 3812 δὲ
1298 3742 1424 3812 τούτου
1449 3749 1519 3811 πᾶ-

387 3870 441 3917 σιν
471 3844 694 3937 ameliorare,
724 3847 855 3928 πάντας
884 3851 920 3916 δὲ
952 3843 1097 3930 ὑπενόει,
1121 3863 1150 3918 et
1173 3875 1214 3916 or.
1237 3854 1278 3911 Xl
1302 3861 1351 3934 31,
1367 3860 1400 3918 2:
1437 3851 1521 3924 πῶς

473 4043 494 4108 ¹)
512 4038 641 4094 Wilhclm
660 4037 784 4094 Schmid:
815 4039 872 4093 Dor
893 4036 1061 4092 Atticismus
1084 4037 1111 4090 in
1137 4036 1233 4091 seinen
1258 4037 1521 4104 Hauptvcrtretern
1605 4019 1606 4078 j

387 4140 441 4180 von
466 4124 576 4193 Dionys
601 4140 655 4179 von
674 4123 852 4178 Halicarnaso
875 4124 920 4188 ab,
947 4123 1181 4190 Stuttgart1887‚
1208 4139 1234 4190 p.
1250 4127 1297 4175 170
1316 4122 1350 4174 dc
1368 4119 1523 4190 anaphora

387 4212 454 4264 haec
479 4209 562 4264 dixit:
594 4209 661 4272 „Die
689 4205 833 4280 θεατρικὰ
861 4204 992 4279 σχήματα
1020 4207 1132 4262 wendet
1154 4206 1209 4261 Dio
1233 4206 1364 4261 massvoll
1389 4220 1440 4274 an,
1473 4222 1522 4260 arn

387 4295 546 4364 hinfigstcu
565 4295 610 4350 dic
629 4334 636 4349 .
654 4336 661 4349 .
679 4334 685 4349 .
705 4294 865 4364 Anaphora.
900 4293 948 4349 Ich
967 4293 1046 4348 cithia
1066 4298 1114 4348 109
1132 4293 1208 4347 rure
1226 4307 1282 4346 von
1301 4290 1462 4360 Anaphora
1483 4294 1523 4346 im

387 4396 504 4452 gaunon,
523 4389 663 4436 worunter
682 4382 731 4436 mit
750 4379 912 4436 nweilacher
930 4379 1152 4448 Wiederlrolung
1170 4383 1226 4434 tls
