3216 5044
378 412 418 468 64

377 578 469 655 locus,
493 576 543 637 ubi
567 577 626 636 duo
650 577 750 654 priora
773 576 970 653 substantiva,
993 576 1079 636 sicuti
1104 576 1161 636 hoc
1183 577 1259 655 ioco,
1281 578 1413 638 articulo
1439 598 1512 639 con-

377 682 479 741 iuncta
502 682 581 756 aunt,
602 680 720 739 tertium
743 697 778 739 eo
802 682 891 738 carot.
931 679 1073 752 Ceterum
1102 679 1153 740 iilo
1180 679 1246 741 loco
1274 681 1303 741 in
1332 681 1432 742 medio
1456 675 1512 758 {cst
1603 687 1604 692 ’

376 780 616 860 relinquendum,
639 782 718 841 bona
733 781 784 841 illa
800 777 1010 842 codicumNO
1026 781 1119 870 tectio
1137 787 1237 842 utrum
1253 783 1385 860 genuina
1400 784 1509 844 arohe-

378 885 442 962 typi
472 885 511 945 sit
533 884 691 960 scriptura,
721 904 759 944 an
788 903 824 944 ex
852 883 965 943 librarii
994 882 1203 944 emendatione
1232 886 1377 962 originem
1406 885 1510 946 ducat.

377 988 458 1048 Fieri
489 986 566 1046 enim
597 990 704 1064 potest,
735 990 768 1046 ut
798 987 829 1047 in
853 986 1017 1062 archetypo
1049 986 1137 1046 lectio
1167 984 1227 1064 τῆς
1254 972 1421 1068 Εὖροίπης
1455 983 1512 1046 καὶ

378 1085 436 1168 τῆς
458 1071 561 1158 totas
583 1081 640 1146 καὶ
662 1082 724 1165 τῆς
741 1076 866 1166 Λιβύης
890 1085 987 1165 fuerit,
1011 1106 1089 1165 quae
1113 1091 1143 1148 et
1165 1107 1183 1147 a
1205 1089 1317 1149 codicis
1339 1106 1359 1167 χ
1382 1090 1512 1150 librario

380 1195 409 1250 ct
436 1190 473 1250 ab
497 1190 635 1251 editionis
653 1191 785 1250 Venetae
808 1189 922 1250 editore
952 1189 1116 1266 depravata
1139 1195 1191 1250 est.
1236 1191 1293 1252 Sed
1321 1209 1358 1250 ne
1383 1191 1413 1250 id
1448 1193 1513 1269 qni·

380 1294 446 1354 dem
470 1293 645 1354 incredibile
669 1298 714 1353 est
739 1293 890 1353 librarium
915 1292 1026 1353 codicia
1045 1291 1080 1365 θ,
1103 1293 1258 1372 archetypi
1282 1295 1513 1355 Monacensinm

380 1398 408 1457 N
432 1399 462 1456 et
484 1395 520 1474 0,
542 1395 718 1456 medicinam
741 1397 878 1456 attulisse
900 1396 943 1455 iili
965 1396 1042 1456 loco.

465 1513 516 1575 Or.
532 1518 556 1575 V
574 1520 623 1592 22,
641 1520 672 1575 1:
694 1504 800 1592 τνχδν
822 1502 864 1573 ἂν
880 1494 944 1574 οὖν
965 1498 984 1573 ὁ
999 1512 1109 1592 μῦθος
1130 1508 1311 1574 αἰνίττεται
1328 1508 1440 1594 λέγων
1459 1549 1514 1576 -.

465 1619 623 1695 Ειιιρσιίιιι
655 1617 780 1679 adnotat
812 1619 915 1679 abesse
945 1636 978 1678 se
1009 1618 1096 1680 malle
1128 1619 1304 1695 particulam
1331 1606 1384 1692 ἄν,
1404 1623 1516 1698 atque

380 1719 556 1781 Dindorfius
580 1722 690 1781 omittit
705 1739 769 1781 eam
787 1740 899 1797 vocem,
923 1739 1102 1799 quamquam
1126 1722 1155 1781 in
1172 1722 1310 1782 omnibus
1333 1723 1384 1799 qui
1404 1723 1516 1782 adhuc

380 1824 494 1884 exarati
518 1828 604 1884 eraut
626 1824 777 1884 codicibus
799 1825 963 1884 invenitur.
1006 1825 1096 1885 Nunc
1119 1828 1216 1885 autem
1240 1828 1367 1902 apparet
1389 1824 1422 1883 iu
1450 1828 1517 1885 Μο-

381 1927 547 1987 nacensiN
571 1927 677 1986 abesse
702 1912 743 1984 dcv
766 1926 925 1987 exhibente
947 1915 1052 2004 τυχὸν
1067 1912 1132 1985 οὖν
1155 1909 1300 2003 δμῦδος
1322 1919 1516 1986 αἰνίττεται

382 2023 500 2108 λέγων.
545 2030 618 2090 Eius
634 2029 746 2090 codicis
763 2031 851 2090 lectio
874 2030 989 2089 etiamsi
1014 2032 1205 2090 coniecturae
1220 2031 1268 2090 via
1289 2029 1417 2091 tortasse
1445 2037 1518 2091 orta

383 2137 428 2193 cst
449 2162 492 2173 -
514 2136 547 2190 ut
569 2131 768 2205 antecedenti,
797 2134 838 2192 ita
865 2133 922 2192 hoc
948 2134 1014 2193 loco
1043 2131 1209 2194 diiudicare
1235 2135 1400 2210 nequimus,
1430 2153 1517 2211 qnae
1604 2163 1605 2202 2

381 2236 465 2311 origo
492 2233 582 2293 fuerit
609 2236 704 2295 bonae
729 2236 866 2296 lectionis
888 2267 930 2275 —
958 2235 1022 2296 aine
1051 2236 1113 2296 ulla
1139 2235 1325 2296 dubitatione
1351 2241 1456 2296 tamen
1486 2239 1518 2297 in
1604 2235 1605 2310 i

380 2340 495 2396 textum
511 2339 556 2395 est
571 2335 755 2413 recipienda;
779 2337 815 2416 ci,
831 2338 985 2397 Kuehuer.
1001 2337 1019 2396 l.
1036 2356 1060 2397 c.
1075 2339 1104 2396 II
1118 2342 1224 2414 1,1ro.
1255 2339 1332 2398 Nam
1349 2356 1391 2397 or.
1408 2338 1518 2398 XXXI
1604 2385 1605 2408 ,

382 2443 444 2510 23
469 2439 499 2498 in
521 2438 622 2499 verbis
649 2428 715 2516 ἐχοὸ
740 2431 774 2497 δὲ
797 2425 838 2496 δν
864 2431 925 2517 μὲν
947 2422 1027 2517 ὑμῖν
1050 2424 1235 2500 ἀκούσασιν
1262 2425 1283 2518 ἢ
1309 2432 1412 2519 μηδὲν
1439 2437 1519 2498 τῶν

352 2597 354 2604 ,
383 2527 533 2599 δεόντων
555 2527 575 2618 ἢ
598 2536 675 2619 περί
690 2558 783 2613 τινος
805 2539 876 2601 τῶν
894 2531 1045 2621 μήπάνυ
1066 2526 1259 2620 ἀναγκαίων
1275 2537 1373 2618 φανῶ
1388 2536 1517 2620 λέγων,

383 2637 520 2713 δικαίως
544 2628 584 2702 δν
607 2627 780 2723 ἀμφότεροί
796 2663 880 2726 φημι
904 2635 1016 2721 δόξειν
1032 2632 1098 2724 ἅμα
1114 2630 1239 2726 εὐήθης
1261 2640 1316 2705 καὶ
1332 2639 1518 2724 περίεργος

384 2746 462 2806 Dion
486 2746 663 2823 particulam
681 2733 724 2805 ίίν
745 2766 805 2807 non
829 2747 866 2806 ad
883 2747 1073 2808 indicativum
1097 2749 1264 2825 praesentis
1279 2743 1371 2827 φημί,
1391 2749 1450 2808 sed
1475 2749 1517 2808 ad

383 2847 560 2908 infinitivum
589 2848 684 2909 futuri
711 2836 824 2925 δόξειν
854 2850 1003 2926 apposuit.
1050 2850 1218 2912 Indicativo
1245 2850 1350 2927 futuri,
1377 2869 1518 2928 quocum

380 2953 529 3011 Homerus
550 2969 641 3029 saepe
662 2951 839 3028 particulam
857 2939 900 3010 δίν
914 2946 998 3025 (κέν)
1021 2954 1182 3031 coniungit,
1205 2958 1252 3014 ter
1267 2957 1391 3030 tantum,
1412 2973 1517 3030 quau·

379 3058 442 3114 tum
465 3055 537 3129 scio,
559 3054 637 3114 Dion
654 3053 814 3131 adscripsit
829 3055 909 3115 iilam
926 3074 1045 3116 vocem:
1067 3074 1110 3115 οι.
1125 3056 1182 3116 V11
1200 3059 1269 3133 106,
1283 3061 1316 3116 4;
1338 3044 1423 3133 τάχα
1449 3046 1518 3134 γὰρ

381 3144 423 3215 δν
451 3161 606 3231 φανεῖται
615 3152 636 3232 ¹)
664 3147 815 3235 χαίεπδν
844 3147 991 3235 τοιούτῳ
1020 3153 1083 3236 βίῳ
1113 3151 1261 3236 διαρκεῖν
1288 3151 1392 3238 μηδὲν
1423 3145 1517 3218 ἄλλο

380 3256 502 3340 κτῆμα,
526 3278 569 3319 or.
584 3259 653 3319 XVI
671 3265 719 3337 11,
736 3264 768 3320 5:
790 3249 831 3318 τδ
854 3250 917 3339 γὰρ
941 3246 1023 3319 αὐτὸ
1048 3250 1160 3338 ἕτερος
1184 3249 1299 3334 λαβοδν
1320 3246 1362 3318 δν
1378 3252 1519 3339 ἰσχυρό-

380 3378 476 3440 τερος
498 3353 621 3439 ῥαδίως
643 3356 739 3441 οίσει;
761 3382 803 3424 or.
820 3365 876 3424 VH
893 3367 964 3441 104,
979 3369 1011 3425 3:
1034 3357 1198 3423 σκεπτέον
1220 3350 1263 3422 δν
1285 3356 1345 3444 είη,
1367 3358 1444 3434 πῶς
1470 3351 1518 3422 δν

380 3450 522 3541 μάλιστα
545 3455 718 3543 διάγοντες
746 3460 801 3525 καὶ
824 3451 894 3525 ποί
910 3452 995 3526 ἅττα
1020 3456 1323 3546 μεταχειριζόμενοι
1347 3454 1519 3542 δυνήσον-

438 3608 590 3615 ..-...—.—..

468 3697 489 3763 ¹)
515 3696 546 3749 In
565 3696 688 3751 editione
702 3695 811 3752 Veneta
829 3704 858 3752 et
875 3698 902 3752 in
919 3698 1064 3753 codicibus
1078 3697 1130 3752 CN
1149 3714 1200 3766 pro
1215 3703 1348 3766 φανεῖται
1365 3697 1445 3751 inest
1460 3718 1516 3766 φα·
1605 3723 1606 3762 1

384 3785 479 3850 νῆιαι,
506 3781 541 3835 dc
565 3796 620 3849 qua
643 3783 764 3837 lectione
786 3783 934 3853 Pfluglrius
963 3781 1103 3854 (Annales
1128 3783 1309 3838 &edanenses
1335 3785 1412 3849 1835)
1443 3784 1517 3840 haec

381 3882 408 3934 p.
423 3869 454 3919 24
473 3865 555 3920 dicit:
584 3865 629 3930 „Si
649 3860 683 3922 διν
705 3869 842 3938 particula
866 3869 963 3924 futuro
985 3868 1131 3924 indicativi
1154 3871 1325 3938 iungeretur,
1348 3865 1517 3924 facillimum

382 3955 443 4004 erat
460 3952 599 4020 corrigere
618 3955 759 4022 φανεῖται,
796 3952 850 4008 Sed
868 3955 897 4008 id
920 3971 1005 4024 quum
1025 3961 1100 4009 recte
1118 3955 1248 4009 videatur
1270 3968 1335 4023 pars
1354 3956 1518 4022 grammati-

382 4049 476 4088 corum
495 4051 604 4105 negare,
624 4037 773 4107 scripsisse
792 4039 846 4092 Dio
865 4040 1008 4107 putandus
1026 4045 1070 4094 est
1087 4034 1161 4109 τάχα
1179 4033 1237 4110 γὰρ
1256 4032 1291 4092 δν
1304 4035 1407 4107 φανείη
1419 4055 1450 4091 τι
1463 4059 1517 4108 χα-

383 4115 497 4175 λεπόν,“
535 4121 669 4177 Codicum
692 4128 784 4177 autem
803 4123 860 4178 ΜΒ
882 4126 1052 4179 auctoritato
1076 4123 1274 4192 comprobatur
1296 4122 1434 4192 scriptura
1460 4143 1516 4192 φα-

382 4209 484 4274 νεῖται,
505 4221 588 4276 quam
610 4208 638 4261 iu
658 4206 762 4277 φανείη
787 4213 894 4264 mutere
918 4213 1039 4264 nonest
1061 4223 1170 4277 causac,
1193 4208 1269 4277 quod
1293 4206 1369 4278 apud
1391 4207 1516 4264 Dionem

383 4290 440 4346 duo
466 4292 513 4346 alii
540 4298 651 4348 exeunt
677 4295 741 4362 loci,
767 4294 817 4350 ubi
844 4294 1013 4350 indicativus
1039 4295 1126 4350 taturi
1154 4293 1333 4363 coniungitur
1359 4309 1420 4348 cum
1452 4310 1518 4364 par·

384 4375 471 4431 deuia
489 4369 532 4432 ἄν.
