3216 5044
1167 405 1208 462 43

81 573 170 634 docet
199 569 348 645 dicens¹):
387 572 520 644 „nullum
545 571 636 630 alium
660 573 836 648 scriptorem
859 574 917 634 Dio
941 573 1113 650 diligentins
1135 574 1210 650 legit

80 694 171 753 quam
193 674 391 750 Herodotum,
414 675 500 734 cuius
521 674 631 748 ubique
654 674 735 751 apud
759 694 827 735 enm
850 678 921 736 sunt
943 674 1095 752 vestigia.“

167 777 217 839 Or.
232 777 342 835 LXXII
359 782 414 854 1,1
440 777 595 838 codicibus
617 776 677 837 GM
698 777 890 856 editioneque
911 781 1027 840 Veneta
1051 778 1211 840 memoriae

79 882 243 942 traduntur
273 881 361 940 haec:
398 868 453 938 διὰ
479 872 513 936 τί
540 894 625 938 ποτε
653 871 686 937 οἱ
714 865 906 957 ἄνθρωποι,
940 867 1026 940 ὅταν
1051 874 1113 958 μέν
1134 897 1211 939 τινα

79 977 199 1043 ἴδωσιν
222 967 330 1042 αὐτοῦ
351 970 461 1059 μόνον
481 977 607 1058 χιτῶνα
630 972 761 1058 ἔχοντα,
784 969 863 1040 οὔτε
885 977 1111 1061 προσέχουσιν
1131 969 1211 1042 οὔτε

79 1082 273 1165 διαγελῶσι,
310 1073 521 1163 λογιζόμενοι
550 1072 665 1160 τυχόν·
696 1069 822 1164 ναύτης
851 1076 942 1144 ἐστὶν
973 1069 991 1144 ὁ
1024 1074 1211 1164 άνθροοτιος

78 1184 138 1248 καὶ
169 1175 223 1248 ὅτι
250 1173 351 1248 οὐδὲν
380 1182 431 1246 del
455 1182 645 1264 καταγελᾶν
668 1175 795 1246 τούτου
818 1176 923 1246 ἕνεκα.
971 1190 1080 1248 Vocem
1104 1173 1211 1247 αὐτοῦ

79 1309 173 1352 sensu
205 1302 311 1350 carere
334 1290 392 1349 iam
415 1287 504 1348 medii
526 1287 593 1348 aevi
615 1288 727 1348 librarii
750 1295 972 1365 cognoverunt3
1010 1309 1077 1349 nam
1101 1289 1211 1350 codicis

79 1392 252 1455 PalatiniP
274 1393 452 1469 scripturam
477 1380 605 1450 ναύτου
626 1379 736 1468 μόνον
756 1386 884 1469 χιτῶνα
907 1381 1026 1469 ἔχοντα
1049 1397 1079 1452 et
1099 1392 1212 1453 codicis

78 1496 256 1556 ParisiniB
286 1495 445 1555 lectionem
476 1477 558 1552 αὐτὸ
585 1482 695 1570 μόνον
720 1491 846 1572 χιτῶνα
876 1485 997 1572 ἔχοντα
1026 1497 1099 1556 nihil
1130 1495 1210 1556 alind

78 1617 149 1660 esse
179 1599 235 1659 uisi
263 1599 462 1673 coniecturas,
494 1597 518 1656 si
550 1596 693 1656 librorum
724 1602 850 1657 stemma
872 1596 1005 1675 intueris,
1038 1617 1212 1674 cognosces.

79 1700 326 1763 Diiudicantibus
348 1701 439 1776 igitur
462 1700 558 1776 nohis,
580 1705 678 1759 utram
694 1699 900 1776 praeferamus
917 1701 1129 1779 coniecturam,
1152 1703 1210 1779 pri-

79 1823 163 1864 murn
192 1803 352 1864 dicendum
380 1809 426 1863 est
448 1802 485 1862 de
508 1801 639 1862 Parisini
662 1803 686 1861 B
710 1801 838 1862 lectione
862 1787 947 1862 αάτό
969 1792 1088 1881 μόνον,
1122 1822 1209 1882 quam

78 1906 243 1984 Emporias
258 1909 287 1966 et
303 1904 477 1966 Dindorlius
493 1905 607 1966 Oobeto
627 1903 833 1964 adsentientes
848 1906 878 1965 in
894 1909 1007 1966 textum
1025 1912 1213 1985 receperunt.

79 2013 128 2071 De
153 2008 373 2087 significatione
395 2008 502 2067 horum
525 2007 700 2069 verborum:
722 1990 808 2066 αὐτὸ
822 1993 942 2085 μόνον,
965 2027 1043 2086 quae
1059 2010 1212 2070 adverbia-

78 2115 154 2174 liter
184 2114 329 2189 usurpata
360 2111 404 2170 sic
434 2111 498 2170 fero
525 2112 555 2169 in
579 2115 712 2170 nostram
735 2109 895 2171 transferri
918 2116 1045 2188 possunt
1066 2113 1212 2190 linguam:

81 2215 219 2295 „genade
253 2212 339 2285 uur“,
380 2213 495 2286 „nichts
528 2212 655 2273 anderes
689 2212 762 2289 als“,
800 2214 969 2274 accuratius
1002 2216 1116 2292 primus
1151 2218 1212 2294 egit

78 2317 268 2380 Abreschius
286 2318 317 2377 in
333 2315 625 2386 „Dilucidationibus
640 2313 909 2393 Thucydideis“²).
946 2316 1062 2393 Pagina
1077 2319 1154 2379 enim
1171 2323 1211 2380 56

78 2422 120 2482 de
152 2421 210 2480 hoo
241 2420 367 2480 Luciani
399 2437 493 2497 agens
525 2419 602 2495 loco,
635 2419 760 2480 Somtl:
794 2407 875 2477 odas
903 2409 1037 2497 ἕχθροῐς
1060 2411 1212 2498 φοβερὸς,

77 2511 164 2584 οὔτε
186 2528 259 2592 τοῖς
280 2516 434 2593 πολίταις
456 2511 614 2601 ζηλωτὸς,
639 2506 711 2579 ἀλλ’
727 2505 811 2580 αάτὸ
833 2507 944 2599 μόνον
958 2512 1109 2602 ἐργάτης,
1133 2524 1211 2584 haec

76 2626 203 2688 scribit:
244 2625 342 2697 ,lllud
370 2608 451 2683 αὐτὸ
478 2612 587 2701 μόνον
610 2612 749 2704 ἐργάτης
771 2627 817 2684 est
839 2608 942 2683 ον’δὲν
965 2611 1049 2683 ἄλλο
1072 2611 1092 2702 ἢ
1116 2615 1212 2703 ἐργά-

77 2747 142 2808 της
165 2728 228 2788 sIvs
249 2717 340 2806 τιλῆν
363 2712 504 2805 ἐργάτης
527 2730 588 2804 aut,
612 2731 644 2786 ut
662 2727 727 2804 ipse
742 2726 870 2803 scripsit,
894 2711 995 2787 οὐδὲν
1017 2712 1069 2786 ὅτι
1090 2717 1135 2806 μὴ
1160 2721 1212 2806 ἐρ-

76 2820 211 2910 γάτης.“
260 2828 379 2890 Deinde
401 2848 474 2890 vero
499 2827 747 2902 Valckenarius³)
771 2830 846 2890 haec
869 2831 1007 2906 exponit:
1032 2815 1134 2902 ,oded
1156 2820 1215 2908 po-

77 2949 149 2994 νον
181 2933 271 3011 paulo
302 2933 423 3010 quidem
454 2933 563 3010 rarius,
599 2932 648 2992 hic
678 2932 739 2992 illic
769 2936 868 2992 tamen
897 2933 1016 2993 obvium
1044 2938 1074 2992 et
1096 2933 1214 2993 Philoni

77 3036 174 3096 valde
205 3034 454 3113 frequentatum.“
506 3037 551 3095 ux
574 3034 683 3111 quihus
705 3053 885 3112 quamquam
909 3035 1109 3114 intellegimus
1131 3035 1214 3112 apud

77 3139 258 3215 complures
286 3139 464 3199 recentioris
494 3140 601 3198 aetatis
631 3139 801 3214 scriptores,
836 3145 869 3198 nt
895 3138 977 3216 apud
1005 3138 1159 3199 Philonem
1184 3142 1215 3199 et

77 3241 169 3320 apud
191 3241 365 3312 Lucienum,
393 3240 513 3316 saepius
537 3240 664 3300 inveniri
688 3257 738 3299 eas
761 3257 860 3312 voces,
884 3239 1090 3317 quaerendum
1114 3243 1213 3300 tamen

76 3351 140 3421 est,
163 3362 234 3404 num
256 3345 345 3404 etiam
368 3344 445 3403 Dion
470 3343 514 3404 eis
536 3347 646 3416 utatur,
673 3343 702 3402 id
727 3343 808 3420 quod
831 3344 910 3403 iusto
933 3342 999 3404 iure
1022 3361 1134 3420 negare
1158 3361 1214 3403 nos

77 3466 176 3528 posse
206 3451 354 3525 putamus.
406 3448 514 3524 Neque
546 3446 622 3507 enim
647 3446 727 3506 ullus
750 3447 779 3506 iu
803 3446 956 3524 octoginta
979 3447 1084 3506 Dionis
1107 3447 1213 3507 oratio-

78 3553 178 3612 nibus
200 3554 297 3610 exstat
318 3550 413 3626 locus,
434 3550 484 3610 ubi
509 3532 592 3608 αὐτὸ
614 3537 723 3627 μόνον
744 3550 887 3624 scriptum
911 3548 1052 3626 videmus,
1076 3550 1132 3609 uisi
1154 3550 1214 3610 hic:

78 3674 129 3715 or.
147 3651 272 3710 LXVIII
286 3656 359 3731 4‚9:
382 3636 508 3731 ὁμοίως
530 3646 566 3710 δὲ
588 3645 645 3710 καὶ
668 3635 749 3710 καθ’
765 3638 871 3710 αὑτὸν
894 3681 935 3692 -
958 3639 977 3710 ὃ
1001 3645 1037 3711 δὲ
1052 3636 1137 3711 αὐτὰ
1152 3637 1211 3731 μό-

80 3773 153 3818 νον
178 3745 286 3828 cervia
309 3744 472 3815 εἶναικαὶ
494 3789 543 3814 -.
588 3756 618 3815 Is
640 3757 740 3814 autem
763 3754 847 3814 locus
862 3773 921 3814 uon
936 3753 1062 3815 idoneus
1078 3759 1131 3827 est,
1155 3774 1214 3833 quo

76 3863 312 3922 demonstretur
335 3860 461 3919 Dionem
485 3876 571 3919 usum
595 3875 661 3918 esse
684 3858 809 3918 vocibus
833 3841 916 3916 αὐτὸ
938 3846 1055 3935 μόνον,
1077 3876 1144 3918 cum
1167 3875 1215 3918 co·

79 3965 190 4026 dicum
206 3963 373 4040 scripturas
387 3962 541 4032 fluctuent,
565 3960 648 4021 libris
664 3960 752 4021 OMB
772 3960 983 4021 exhibentibus
999 3943 1082 4018 αὐτὸ
1097 3948 1216 4037 μόνον,

75 4065 194 4128 codice
224 4069 322 4126 autem
345 4064 374 4124 H
404 4067 434 4124 et
461 4062 590 4124 editione
614 4064 742 4122 Veneta:
770 4041 812 4121 αὖ
834 4051 874 4122 τὸ
897 4051 1015 4141 μόνον.
1061 4062 1214 4123 Facillime

175 4213 198 4277 ²)
216 4210 404 4280 Mnemosyne,
423 4209 455 4264 ll.
474 4208 510 4278 S,
527 4207 554 4263 V
572 4211 672 4275 (1817),
690 4223 717 4276 p.
731 4213 773 4264 98.

173 4299 197 4365 ²)
216 4295 338 4350 Traiecti
355 4296 391 4350 ad
410 4295 547 4363 Rhenum,
568 4299 641 4350 1155.

175 4385 199 4450 ⁸)
217 4379 377 4437 Callimachi
396 4381 548 4450 elegiarum
565 4377 731 4450 framenta,
748 4379 792 4435 ed.
810 4381 913 4449 Lunae,
930 4379 1020 4450 Lugd.
1042 4384 1115 4450 1199,
1133 4395 1160 4449 p.
1173 4384 1214 4434 18.
