3216 5044
189 1490 281 1600 Inter
308 1556 410 1599 omnes
437 1537 619 1598 Graecorum
649 1537 820 1613 scriptores,
851 1537 903 1613 qui
930 1536 999 1597 inde
1027 1555 1045 1595 a
1067 1536 1228 1597 Domitiani

108 1644 291 1719 temporibus
320 1659 416 1717 usqne
442 1640 481 1700 ad
510 1639 697 1698 Hadrianum
724 1639 903 1714 floruerunt,
931 1639 1020 1714 longe
1048 1639 1230 1700 clarissimus

108 1745 397 1820 illustrissimusque,
429 1743 454 1801 si
480 1741 676 1800 Plutarchum
705 1740 943 1801 Chaeronensem
975 1741 1168 1826 excipimus,
1185 1747 1231 1802 est
1339 1771 1345 1785 ·

108 1849 185 1907 Dion
218 1847 455 1921 chrysostomus.
507 1845 615 1920 Neque
647 1844 724 1902 enim
755 1842 918 1903 Federicus
949 1843 1147 1919 anrisanus‚
1179 1844 1232 1920 qui

109 1952 192 2009 sexto
216 1948 329 2007 decimo
357 1947 475 2007 saeculo
502 1946 583 2005 illum
611 1947 787 2023 scriptorem
817 1947 847 2006 in
874 1946 968 2006 lucem
998 1946 1100 2024 edidit,
1129 1946 1231 2023 inepte

106 2051 138 2111 iu
161 2045 380 2128 p1·aefati0ne¹)
409 2049 483 2108 haec
505 2047 593 2115 dixit:
628 2051 679 2120 ,ut
701 2049 794 2125 ipsius
817 2048 951 2124 legendis
978 2049 1163 2108 orationibus
1190 2053 1233 2108 te·

108 2171 199 2214 neore
228 2170 342 2212 summa
369 2169 435 2210 cum
464 2150 658 2226 iucunditate,
688 2149 770 2227 quod
800 2169 872 2226 prae
894 2169 927 2211 se
955 2150 1053 2210 ferant
1082 2150 1231 2228 quoddam

109 2256 232 2331 elegans
259 2246 316 2310 καὶ
339 2236 424 2322 ὅλως
446 2235 589 2322 descende
617 2251 736 2312 dicendi
759 2270 855 2328 genus
882 2271 1044 2329 rerumque
1067 2253 1232 2313 doctrinam

108 2375 207 2436 paene
230 2353 438 2432 singularem.“
486 2357 545 2415 Pro
568 2356 638 2415 talis
660 2356 813 2431 scriptoris
835 2355 1013 2415 auctoritate
1040 2355 1166 2414 maxime
1189 2359 1236 2414 est

109 2459 280 2535 dolendum,
307 2456 388 2534 quod
415 2462 474 2517 tam
497 2458 586 2534 pauci
609 2459 665 2517 viri
688 2458 768 2517 docti
794 2457 824 2516 in
848 2458 975 2517 Dionem
1001 2458 1118 2516 animos
1140 2457 1235 2517 inten-

94 2562 228 2621 derunt.
272 2561 378 2636 Neque
395 2560 472 2619 enim
489 2559 534 2618 his
550 2560 735 2635 temporibus
758 2560 816 2618 alia
838 2564 959 2636 praesto
976 2560 1061 2619 nobis
1077 2563 1123 2619 est
1146 2560 1235 2619 editio

109 2664 215 2722 critica
245 2663 302 2722 nisi
329 2661 462 2737 Adelphi
492 2661 632 2738 Emperii,
663 2662 713 2738 qui
741 2663 928 2738 Brunsvigae
957 2681 1036 2722 anno
1059 2666 1140 2724 1844
1171 2681 1235 2722 eam

108 2753 237 2825 curavit.
281 2763 366 2837 Quae
389 2761 480 2823 editio
508 2782 688 2840 quamquam
712 2765 760 2824 illa
784 2767 882 2823 aetate
910 2763 992 2823 haud
1015 2770 1081 2824 erat
1108 2768 1236 2823 contem·

96 2863 253 2942 ‘nenda²),
280 2883 360 2924 nunc
383 2868 480 2923 tamen
509 2865 613 2941 peritis
637 2864 785 2925 iudicibus
813 2884 917 2941 parum
945 2866 1103 2943 probatum
1131 2866 1237 2926 doctus

109 2968 190 3028 enim
222 2967 271 3026 ille
298 2967 352 3037 vir,
387 2984 464 3042 quae
493 2968 656 3026 auctoritas
690 2967 815 3042 singulis
844 2967 929 3027 libris
963 2968 1123 3028 tribuenda
1150 2973 1239 3044 esset,

108 3072 234 3148 saepius
261 3069 358 3128 minus
384 3074 464 3128 recte
491 3070 650 3146 intellexit;
680 3074 838 3146 praeterea
865 3069 1071 3130 incommodus
1094 3075 1140 3130 est
1166 3089 1239 3130 usus

109 3175 178 3233 eins
200 3171 337 3232 editionis
365 3175 536 3248 propterea,
562 3172 643 3248 quod
666 3190 725 3231 non
749 3172 845 3232 solum
867 3173 963 3249 ipsnm
987 3173 1093 3232 Dionis
1116 3177 1239 3248 textum,

112 3275 168 3336 sed
192 3276 279 3334 etiam
303 3272 505 3333 additamenta
530 3272 672 3349 inspicias
699 3291 822 3334 necesse
846 3278 904 3352 est;
932 3275 975 3334 eis
998 3275 1076 3335 enim
1098 3276 1240 3352 tempori-

110 3380 181 3454 bus,
207 3377 316 3453 quibus
352 3375 507 3451 Emporius
533 3376 662 3452 priorem
690 3377 856 3436 orationum
884 3381 1000 3454 partem
1035 3378 1141 3455 emisit,
1167 3397 1239 3438 non·

111 3480 189 3540 dum
212 3481 239 3541 ei
255 3483 343 3541 notae
359 3478 482 3539 fuerunt
501 3479 677 3555 optimorum
694 3478 830 3540 codicum
847 3480 1025 3558 scripturae,
1047 3479 1183 3541 Vaticani
1203 3481 1241 3557 H,

204 3679 226 3741 ¹)
249 3691 314 3745 pag.
328 3681 351 3731 3.

202 3762 225 3826 ²)
248 3759 393 3830 Kayserus
415 3759 595 3826 (lldnehener
618 3759 749 3814 Gelehrte
772 3759 929 3829 Anzeigen,
952 3763 1025 3829 1845,
1049 3777 1076 3828 p.
1090 3763 1152 3824 671)
1176 3761 1244 3815 haec

111 3844 198 3900 dieite
226 3844 326 3908 „Diese
344 3843 534 3899 Dioneischen
553 3843 669 3899 Studien
693 3844 788 3914 bringt
810 3844 855 3899 die
873 3859 945 3900 neue
964 3845 1102 3913 Ausgabe
1121 3861 1184 3899 unm
1203 3859 1244 3899 er-

111 3928 300 3984 freulichsten
314 3928 487 3997 Abschluss3
506 3929 535 3981 in
554 3927 598 3982 ihr
613 3930 650 3983 ist
668 3930 839 3998 gesammelt‚
857 3944 914 3984 was
933 3928 1064 3984 wahrcnd
1083 3931 1152 3984 zwei
1163 3929 1242 3984 Jahr-

109 4015 276 4069 hunderten
294 4015 331 4068 im
344 4015 490 4069 einzelnen
507 4013 558 4068 mit
570 4013 664 4068 Gliick
675 4014 810 4069 versucht
824 4016 928 4083 warde,
948 4015 1005 4069 und
1024 4030 1068 4069 wo
1086 4016 1163 4070 disse
1174 4015 1245 4070 ¹Ver-

110 4100 205 4156 suche
223 4115 281 4154 nun
293 4099 371 4154 nicht
382 4098 553 4168 ansreichcn,
572 4099 633 4152 tritt
645 4101 802 4176 Emporias,
819 4100 870 4154 mit
886 4101 949 4155 dem
962 4099 1244 4169 ansgezeichnetsten

110 4185 390 4242 Divinationstalent
409 4185 520 4252 begam,
540 4200 574 4238 zu
592 4184 646 4238 den
664 4185 737 4238 noch
756 4187 925 4253 ungeldsten
938 4186 1102 4240 Problemen
1121 4184 1167 4239 hin
1187 4185 1244 4239 und

110 4269 245 4338 gewithrt
263 4285 294 4324 so
313 4268 375 4323 dem
389 4270 473 4324 Leser
491 4269 546 4322 den
561 4267 752 4336 angenehmen
765 4268 911 4324 Eindruck
929 4271 1006 4325 eines
1021 4268 1243 4324 vollkommeneu

109 4353 378 4410 Verstlindnisees.“

1063 4455 1093 4508 1*
