3216 5044
1186 423 1226 486 45

109 593 217 663 tradita
246 600 319 662 sint:
354 579 394 659 ἀν
418 578 649 678 ἀπειθήσουσιν
674 589 707 676 [C
724 581 967 680 ἀπειθήσοσιν],
999 583 1227 680 ἀπειθήσειαν,

109 710 198 781 atque
220 706 250 764 in
274 705 405 765 editione
428 707 544 764 Veneta
566 705 658 764 insint
680 703 765 764 haee:
794 690 836 762 ἀν
860 688 1113 783 ἀπειθήσουσιν,
1136 688 1227 762 ἀπει-

108 794 243 884 θήσειεν
265 793 317 879 ἀν,
341 807 547 882 cognoscimus
571 813 600 866 et
623 806 739 865 duobus
763 807 820 864 illis
844 807 929 866 bouis
952 804 1104 867 codicibus
1122 805 1157 865 'et
1178 806 1226 865 de·

107 911 215 969 teriore
243 910 296 968 illa
327 908 456 969 editione
485 911 602 968 Veneta
632 909 756 968 eandem
789 908 852 968 fere
882 909 967 968 nobis
989 914 1136 968 servatam
1161 925 1227 967 esse

108 1011 296 1087 scripturam,
335 1029 402 1070 nam
433 1010 514 1087 quod
548 1011 666 1071 codices
698 1011 845 1070 fluctuant
874 1011 951 1072 inter
989 997 1228 1088 ἀπειθήσοισιν,

108 1100 338 1191 ἀπειθήσασιν,
363 1100 605 1192 ἀπειθήσουσιν
628 1118 717 1191 atque
741 1116 819 1173 inter
842 1099 1062 1192 ἀπειθήσειοιν
1085 1119 1114 1173 et
1138 1099 1228 1172 ἀπει-

105 1205 243 1294 ’θήσειεν
267 1203 318 1289 ἀν,
351 1235 404 1276 eae
427 1218 595 1277 levissimae
619 1223 689 1276 sunt
712 1218 939 1295 discrepantiae.
991 1217 1076 1291 Quae
1099 1236 1165 1276 eum
1188 1219 1229 1276 ita

107 1321 174 1395 sint,
196 1324 369 1395 persuasum
386 1319 481 1379 habeo
498 1319 658 1396 genuinam
675 1320 831 1396 archetypi
848 1321 1000 1380 lectionem
1019 1320 1113 1379 fuisse
1129 1319 1228 1391 talem,

107 1429 140 1482 ut
170 1426 200 1482 et
222 1422 386 1481 enuntiatio
410 1421 625 1483 condicionalis
646 1422 806 1483 antecedat
828 1423 855 1481 ei
878 1423 979 1501 verbo,
1013 1423 1093 1499 quod
1117 1421 1230 1500 pendet

106 1543 124 1583 a
153 1525 361 1584 coniunctione
392 1508 454 1597 ὅτι,
485 1529 514 1584 et
537 1529 570 1584 ut
592 1525 650 1584 alia
672 1526 783 1602 scripta
806 1525 918 1584 fuerint
940 1530 1074 1602 tempora
1097 1529 1126 1584 et
1149 1523 1228 1585 modi

106 1632 199 1702 atque
222 1647 302 1687 nunc
324 1628 354 1686 in
379 1627 532 1688 codicibus
556 1630 615 1687 ΜΒ
637 1629 814 1689 invenimus.
865 1629 930 1687 Hoo
945 1629 1030 1690 enim
1055 1628 1145 1686 multo
1169 1647 1228 1688 ma·

105 1731 196 1790 iorem
221 1731 331 1790 habere
354 1732 424 1789 mibi
448 1729 567 1790 videtur
582 1731 819 1806 probabilitatem
837 1731 947 1791 codicis
963 1748 982 1789 ο
998 1731 1150 1791 librarium
1175 1749 1228 1790 seu

105 1834 243 1893 consulto
266 1851 318 1893 seu
341 1852 443 1893 errore
458 1835 615 1909 genuinam
634 1838 762 1894 mutasse
779 1835 945 1910 lectionem,
967 1851 1056 1910 quam
1073 1837 1103 1892 et
1118 1832 1183 1892 libri
1202 1849 1228 1891 π

104 1937 256 1998 librarium
280 1942 310 1997 et
332 1937 469 1997 editionis
494 1938 625 1998 Venetae
649 1938 792 1998 editorem
814 1955 885 1998 casu
902 1939 1021 1998 easdem
1039 1938 1144 1999 fecisse
1160 1957 1228 1998 eon-

104 2042 246 2102 iecturas.
289 2041 318 2100 N
323 2060 379 2101 uno
401 2041 493 2117 igitur
515 2041 719 2118 quaerendum
744 2041 827 2102 nobis
850 2045 906 2118 est,
925 2045 1024 2102 utrum
1048 2060 1170 2102 neeesse
1192 2043 1231 2100 sit

104 2164 123 2204 a
154 2144 288 2203 codicum
312 2145 369 2204 Hc
397 2147 427 2204 et
455 2143 593 2204 editionis
621 2144 755 2204 Venetae
784 2144 941 2221 scripturis
963 2143 1104 2203 recedere
1127 2163 1229 2214 necne,

105 2245 188 2324 quod
212 2250 244 2304 ut
267 2245 475 2322 demonstrem,
498 2246 549 2322 qui
572 2263 679 2304 sensus
702 2247 739 2304 sit
761 2245 849 2304 huius
873 2245 941 2322 loci,
962 2246 1064 2321 paucis
1082 2245 1228 2306 disserere

105 2348 175 2408 mihi
206 2349 301 2408 liceat.
353 2349 429 2408 Dion
459 2347 496 2406 de
518 2349 647 2408 Nestore
671 2348 811 2425 disputat,
846 2349 897 2424 qui
921 2347 1047 2408 consilio
1070 2366 1124 2407 suo
1148 2347 1228 2422 Aga-

104 2469 290 2510 memnonem
321 2454 351 2510 et
372 2450 518 2510 Achillem
550 2451 708 2510 adiuturus
737 2451 859 2527 exponit
882 2451 937 2510 iam
961 2455 1052 2510 antea
1074 2469 1105 2510 se
1130 2451 1228 2510 multis

104 2555 289 2630 persuasisse
312 2554 507 2631 principibus,
530 2558 724 2631 quapropter,
752 2555 774 2612 si
799 2553 844 2612 his
866 2553 984 2613 duobus
1007 2553 1077 2612 viris
1100 2552 1228 2612 fortibus

104 2654 288 2734 persuadere
312 2677 371 2716 non
395 2659 498 2734 possit,
521 2677 580 2717 non
596 2675 679 2716 suam
695 2656 773 2716 hanc
789 2674 855 2716 esse
871 2657 998 2734 eulpam,
1020 2657 1072 2715 sed
1089 2657 1227 2732 insipien-

101 2761 176 2818 tiam
206 2764 300 2836 atque¹
325 2760 480 2819 stultitiam
512 2779 613 2819 eorum
647 2761 787 2837 ipsorum.
842 2761 909 2819 Non
944 2763 1003 2818 tam
1039 2758 1228 2834 impudenter

103 2867 227 2938 tamque
257 2867 434 2938 arroganter
463 2881 495 2922 se
525 2863 651 2939 gessisse
682 2863 750 2922 mihi
782 2861 899 2922 videtur
921 2863 1042 2938 Nestor,
1076 2867 1109 2921 ut
1135 2861 1229 2921 verba

103 2951 160 3021 ὅτι
182 2949 435 3043 ἀπειθήσουσιν,
459 2965 545 3023 sienti
570 2967 689 3023 exstant
711 2964 741 3022 iu
758 2964 911 3024 codicibus
927 2965 996 3042 ΜΒ,
1018 2964 1094 3023 bene
1110 2981 1147 3022 ex
1163 2981 1227 3022 sen·

101 3068 199 3127 tentia
233 3084 297 3126 mea
330 3067 488 3144 quadrent.
542 3069 654 3127 Verum
689 3068 876 3128 vehementia
909 3087 1011 3128 eorum
1046 3086 1228 3142 magnopere

102 3169 227 3248 lenitur,
264 3171 287 3228 si
312 3170 469 3229 scribimus
492 3156 545 3229 ὅτι
569 3155 789 3248 ἀπειθήσειαν
812 3157 861 3228 ἀν.
907 3171 964 3230 Sed
988 3171 1036 3228 hic
1059 3167 1139 3228 dicat
1162 3171 1229 3245 quis

101 3273 156 3333 illa
178 3274 270 3332 verba
293 3274 375 3332 nullo
398 3275 502 3333 Dionis
526 3274 602 3333 libro
626 3293 715 3333 manu
731 3274 843 3351 scripto
859 3273 945 3351 tradi,
968 3290 1070 3332 verum
1095 3274 1124 3331 in
1148 3271 1227 3331 codi-

102 3375 190 3435 cibus
206 3377 262 3435 He
285 3381 403 3452 exstare
426 3362 478 3433 ὅτι
495 3407 536 3417 -
552 3360 779 3456 ἀπειθήσειαν,
802 3377 830 3435 in
852 3376 983 3436 editione
999 3379 1097 3435 autem
1115 3376 1229 3434 Veneta

101 3464 159 3536 ὅτι
183 3509 222 3518 -
242 3463 456 3556 ἀπειθήσειεν
479 3465 529 3536 ἀν.
575 3480 748 3540 Levissimis
770 3484 867 3539 autem
892 3480 969 3538 vitiis
992 3496 1043 3537 eas
1066 3478 1229 3554 scripturas

100 3583 287 3659 depravatas
311 3599 376 3641 esse
399 3582 525 3642 libenter
549 3582 706 3661 concedes,
729 3586 915 3659 quapropter
930 3602 989 3642 non
1007 3599 1082 3658 opus
1099 3583 1144 3639 est
1159 3567 1228 3654 gra-

99 3687 189 3743 viore
212 3685 261 3744 illa
284 3685 447 3744 mutatione
471 3669 702 3763 ἀπειθήσουσι,
726 3703 804 3760 quae
827 3688 873 3743 est
892 3684 921 3743 in
938 3684 1182 3744 Meermanniano
1199 3683 1227 3740 M

99 3795 197 3864 atque
220 3789 248 3847 in
273 3789 409 3848 Parisino
427 3790 457 3847 B.
480 3819 524 3830 -
545 3790 681 3848 Transeo
706 3807 785 3847 nunc
801 3788 838 3847 ad
857 3787 886 3846 id
902 3787 1035 3864 verbum,
1057 3785 1137 3863 quod
1157 3805 1229 3863 pen-

99 3891 158 3950 det
185 3909 203 3949 a
233 3891 444 3950 coniunctione
468 3876 518 3949 ἀν.
562 3891 594 3950 ln
618 3892 754 3951 Parisino
779 3891 801 3951 O
824 3892 902 3950 enim
926 3891 1068 3967 scriptum
1093 3873 1229 3948 videmus

98 3980 148 4051 dv
171 3977 404 4071 ἀπειθήσασιν,
428 3993 457 4052 in
483 3993 610 4055 editione
626 3995 740 4054 Veneta
763 3981 805 4052 do
824 3979 1078 4070 ἀπειθήσουσιν,
1102 3993 1132 4050 in
1148 3991 1230 4050 Vati·

98 4096 232 4156 eanoH
261 4083 303 4154 ἀν
332 4081 572 4176 ἀπειθήσουσιν.
623 4099 669 4157 Ex
693 4099 886 4175 neglegentia
910 4096 1020 4156 librarii
1044 4099 1139 4155 ortam
1164 4113 1229 4154 esse

97 4244 178 4298 liber
197 4257 213 4295 a
230 4241 345 4312 vulgata
363 4213 515 4312 discrepat,
533 4245 650 4298 maxime
668 4245 696 4299 in
714 4245 811 4298 ordine
830 4244 986 4312 verborum,
1006 4248 1036 4296 ut
1053 4242 1182 4298 videatur
1194 4241 1228 4296 ab

97 4328 216 4382 bomine
240 4328 362 4397 scriptus
386 4345 442 4382 non
466 4328 502 4382 dc
527 4329 646 4398 singulis
671 4329 776 4400 verbis,
805 4330 855 4384 sod
880 4330 915 4386 de
939 4328 1073 4385 universe
1091 4331 1230 4384 sententia

96 4412 252 4469 sollicito.“
