3216 5044
1205 390 1247 450 57

123 565 154 622 et
180 559 307 621 duorum
331 559 496 636 meliorum,
519 577 585 619 cum
609 557 638 618 iu
659 557 726 619 aliis
741 557 910 620 melioribus
931 543 1021 618 πολύ
1042 541 1267 635 servaretur.¹)'

118 665 206 740 Quae
234 663 259 723 si
287 662 483 740 probabiliter
512 661 664 739 disputata
693 664 771 738 suut,
799 661 897 722 elucet
923 662 1093 738 Emporium
1122 665 1152 722 et
1175 662 1246 722 Din-

118 766 248 828 doriium
271 783 330 826 non
354 768 437 826 recte
460 763 636 841 scripturam
659 758 771 839 πολλῇ
793 763 947 841 probasse.

207 869 302 928 Venio
319 885 399 929 nnnc
422 866 540 926 adeam
557 867 774 945 quaestionem,
796 869 895 927 utrum
918 855 1010 925 πολύ
1032 853 1061 926 δ’
1078 856 1247 946 αβροσύνῃ

117 993 156 1032 an
182 960 276 1030 πολύ
297 958 326 1048 γ’
341 952 512 1048 ἁβροσύνῃ
534 969 563 1029 ἰο
579 969 684 1031 Diouis
700 972 813 1029 textum
830 968 868 1028 sit
882 968 1097 1045 recipiendum.
1141 958 1176 1030 In
1200 988 1247 1030 eo-

118 1073 240 1135 dicibus
262 1074 340 1133 enim
361 1071 451 1132 POM
479 1075 576 1131 exstat
604 1071 753 1150 particula
775 1063 822 1148 γε’,
845 1071 1010 1131 Vaticanus
1029 1066 1131 1132 autem
1149 1074 1176 1132 V
1199 1091 1248 1132 ex·

118 1177 207 1237 hibet
222 1169 266 1248 δέ,
290 1176 320 1235 in
344 1173 496 1234 codicibus
520 1173 649 1251 deniqne
670 1171 760 1234 BNO
777 1172 821 1232 ed.
834 1174 910 1232 Veu.
932 1173 1015 1233 nulla
1035 1174 1159 1235 interest
1177 1193 1248 1252 par·

118 1278 214 1339 ticula
236 1279 313 1338 iuter
335 1276 516 1336 adiectivum
539 1272 650 1353 πολλῇ
673 1281 703 1336 et
723 1275 942 1337 substantivum
958 1258 1136 1353 ἁβροσύνῃ.
1182 1279 1248 1339 Ηοο

118 1383 190 1443 loco
213 1379 331 1440 codices
351 1378 442 1439 PcM
465 1378 572 1439 bonam
590 1396 727 1440 servasse
743 1378 815 1438 mihi
830 1377 971 1439 videntur
986 1379 1156 1457 lectionem;
1179 1398 1247 1440 uam

119 1503 189 1545 cum
212 1482 293 1561 apud
315 1474 440 1543 Dionem
464 1481 565 1560 verba,
594 1500 671 1558 quae
698 1481 745 1541 his
767 1480 958 1559 antecedunt,
985 1482 1045 1542 sint
1067 1484 1155 1542 haec:
1182 1481 1248 1542 Me·

119 1581 242 1676 νέλαοῃ
270 1578 306 1644 δὲ
330 1630 336 1642 .
360 1630 368 1643 .
393 1629 415 1657 .,
442 1585 529 1645 etiam
558 1589 626 1661 post
652 1602 756 1647 vocem
783 1573 873 1642 πολύ
907 1584 1083 1660 particulam
1114 1577 1149 1643 δὲ
1181 1603 1248 1646 eum

120 1689 280 1765 scripsisse
308 1687 433 1764 cogitari
461 1687 571 1763 nequit.
616 1685 734 1748 Codicis
762 1689 861 1746 antem
887 1686 1022 1746 Vaticani
1043 1687 1071 1745 V
1096 1687 1183 1747 lectio
1213 1682 1249 1747 δὲ

119 1797 176 1853 aut
198 1790 235 1851 ad
259 1790 371 1851 librarii
395 1790 614 1868 neglegentiam
638 1789 798 1849 referenda
820 1792 873 1849 arrt
895 1789 965 1850 iude
989 1789 1168 1867 explicanda
1184 1809 1248 1851 esse

119 1894 251 1970 videtur,
275 1892 355 1970 qnod
378 1893 453 1953 liber
473 1892 491 1967 ξ
514 1892 552 1952 ad
574 1891 705 1952 codicem
727 1893 857 1969 aliquem
880 1891 1073 1970 Euripideum
1097 1898 1249 1954 correctus

120 2002 178 2058 est.
224 1994 311 2070 Quod
326 1994 365 2055 ad
382 1995 565 2055 deteriorum
582 1994 724 2055 librorum
741 1996 872 2072 pertinet
887 1995 1075 2073 scripturam,
1098 1995 1128 2054 in
1145 1997 1253 2057 arche·

120 2106 198 2177 typo
220 2117 322 2160 eorum
346 2116 383 2158 ex
406 2097 518 2158 librarii
542 2098 734 2175 neglegentia
756 2098 807 2157 illa
829 2097 976 2175 particula
998 2099 1108 2158 omissa
1129 2098 1248 2160 videtur

120 2203 224 2263 fuisse.
269 2200 384 2262 (leuseo
406 2201 497 2279 igitur
519 2199 703 2278 probandam
727 2217 794 2260 esse
816 2200 894 2260 hanc
917 2201 1109 2279 scripturam:

553 2296 751 2374 Μενέλαος
773 2295 810 2361 δὲ

475 2393 565 2464 πολύ
589 2389 619 2482 γ’
635 2387 809 2483 ἁβροσύνῃ
833 2450 840 2465 .
863 2449 869 2464 .
892 2449 899 2463 .

210 2511 372 2570 Praeterea
399 2525 501 2569 omnes
524 2505 679 2584 Euripidei
709 2512 738 2568 et
766 2507 903 2569 meliores
925 2508 1032 2570 Dionei
1055 2508 1174 2570 codices
1201 2529 1249 2569 ex·

121 2611 228 2672 hibent
250 2595 397 2690 ὁρᾶσθαι
421 2614 450 2670 et
473 2601 728 2686 Tamairdoiffl),
749 2609 779 2670 iu
803 2610 1000 2672 deterioribus
1022 2614 1121 2671 autem
1144 2612 1250 2671 Dionis

121 2715 210 2775 libris
233 2716 351 2774 exstant
373 2712 517 2772 lectiones
534 2694 654 2789 ὁρᾶται
677 2717 706 2770 et
725 2705 976 2786 Τανταλιδᾶν3);
1000 2712 1108 2791 quibus
1132 2712 1250 2773 dnobus

121 2817 200 2878 locis
230 2833 307 2892 quac
337 2815 487 2891 genuinae
514 2813 627 2874 fuerint
655 2815 760 2874 Diouis
790 2816 968 2894 scripturae,
999 2815 1162 2876 diiudicare
1189 2834 1249 2877 uon

122 2917 232 2980 audeo.
276 2917 342 2978 Hoc
362 2920 479 2977 tantum
503 2916 570 2976 dico
593 2916 773 2977 deteriorum
795 2917 930 2978 codicum
952 2918 1108 2978 lectionem
1130 2917 1249 2976 Ταντα-

121 3013 225 3080 λιδᾶν
248 3018 327 3080 haud
351 3038 473 3096 pravam
497 3037 562 3080 esse
585 3037 621 3080 ex
645 3021 792 3080 sententia
815 3035 892 3094 mea3
920 3021 949 3081 iu
973 3021 1148 3099 Iphigeniae
1170 3022 1249 3081 Tau·

215 3236 236 3304 ¹)
260 3238 336 3291 Leve
349 3234 445 3290 vitium
459 3229 549 3290 πολλὺ
568 3250 618 3304 pro
631 3230 704 3289 πολὺ
723 3236 828 3290 nullius
841 3236 972 3290 momenti
991 3241 1041 3291 est.
1072 3235 1250 3291 ParisinnsB

121 3323 162 3378 ad
182 3322 303 3377 codicem
323 3324 339 3386 ξ
357 3319 551 3392 (archetypum
564 3321 627 3377 Vat.
638 3320 676 3388 V)
695 3327 739 3376 est
756 3326 906 3377 correctns.
925 3354 959 3361 -
977 3322 1078 3378 Textni
1097 3321 1250 3390 Euripidae

122 3417 283 3476 corruptam
301 3407 448 3461 lectionem
467 3409 559 3476 πολλῇ
583 3407 739 3475 antiquitus
762 3407 930 3477 adscriptam
948 3407 1037 3462 fnisse
1058 3423 1169 3462 censeo.
1203 3407 1251 3461 Li·

122 3493 235 3549 brarius
254 3493 315 3547 cod.
331 3493 462 3547 Marciani
484 3499 631 3561 utramque
651 3493 816 3560 scripturam
834 3499 898 3547 ante
917 3493 1014 3548 oculos
1032 3492 1141 3563 habuit3
1166 3493 1251 3548 ceteri

122 3578 192 3633 libri
213 3576 309 3632 salsam
328 3578 520 3632 tantummodo
538 3583 773 3648 propagaverunt.

213 3663 236 3731 λ)
260 3663 407 3732 Emperius
431 3662 546 3717 adnotat
569 3662 597 3717 in
620 3663 841 3718 Meermanniano
860 3663 885 3716 M
909 3679 941 3726 „a
961 3669 1133 3719 correctore“
1157 3661 1251 3717 inesse

128 3751 316 3804 Τανταλιδᾶν.
352 3748 408 3802 Sed
431 3763 492 3802 oum
510 3765 537 3817 p.
554 3748 595 3802 XI
613 3747 796 3817 praelationis
820 3747 888 3804 haee
907 3754 1038 3818 exponat:
1062 3748 1140 3812 „dico
1158 3753 1249 3803 antem

122 3834 231 3890 librili
248 3835 362 3904 primam
381 3849 500 3889 manum.
530 3851 592 3889 nam
614 3836 719 3904 passim
738 3841 879 3889 correctns
898 3840 942 3890 est
965 3840 994 3889 ct
1010 3835 1193 3904 interpolatus
1216 3850 1251 3890 ex

122 3922 224 3989 aliquo
247 3921 394 3975 deterioris
416 3921 527 3988 generis
551 3921 648 3983 libro“,
672 3921 866 3988 cognoscimus
890 3921 966 3975 illius
984 3921 1088 3976 codicis
1112 3922 1251 3990 scripture

128 4007 310 4062 Τανταλιδᾶν
334 4004 405 4061 hano
423 4021 480 4060 non
498 4006 587 4061 refelli
606 4007 772 4061 sententiam
797 4007 825 4060 in
845 4007 974 4062 omnibus
995 4006 1115 4062 melioris
1138 4007 1250 4075 generis

122 4091 274 4150 codicibus
291 4091 384 4148 inesse
407 4094 595 4147 Τανταλιδῶν.

215 4177 237 4247 ⁸)
262 4179 305 4232 Ex
322 4177 448 4247 Emperii
464 4177 643 4233 adnotatione
660 4177 880 4233 concludendum
897 4184 941 4233 est
958 4179 987 4232 in
1006 4176 1129 4233 editione
1141 4177 1251 4233 Veneta

121 4279 185 4319 non
202 4261 296 4318 messe
319 4264 501 4331 Τανταλιδᾶν,
520 4262 570 4318 sed
593 4263 789 4334 Tuvcuirdoiv3
813 4263 967 4334 inspiciens
985 4267 1078 4319 autem
1096 4264 1158 4334 ipsc
1175 4263 1249 4318 illam

121 4349 278 4408 editionem
297 4349 418 4422 cognovi
437 4349 595 4421 Emporium
614 4362 727 4403 errasse.
