3216 5044
402 395 441 452 32

486 561 833 640 01·.XXXXV1115,8
860 563 952 623 multo
977 563 1117 623 maiorem
1143 564 1289 640 praebere
1315 564 1385 623 mihi
1408 563 1514 624 videtur

400 661 611 733 difficultatem,
635 663 686 722 ubi
706 664 736 722 in
759 663 888 724 editione
907 666 1020 724 Veneta
1043 665 1117 723 haee
1132 664 1218 724 vides
1238 665 1363 742 scripta:
1386 656 1515 723 ἐπὶτῶν

399 747 549 843 εὐγενῶν
576 754 706 823 πώλων
733 759 787 823 καὶ
815 760 887 824 τῶν
914 755 1095 824 σκυλάκων
1120 751 1160 824 τὸ
1193 755 1354 844 ἐσόμενον
1383 759 1515 845 μέγεθος

400 853 591 944 εἰκάζουσιν
612 859 645 926 οἱ
668 860 823 946 ὁρῶντες,
852 862 888 927 ἓν
912 856 962 940 οἷς
987 858 1030 927 τὰ
1051 865 1145 927 κῶλα
1167 851 1283 948 ὑψηλὰ
1310 862 1367 928 καὶ
1389 859 1515 947 μεγάλα,

400 955 460 1026 ἐὰν
482 963 518 1028 δὲ
539 959 680 1029 ταπεινὰ
704 965 759 1030 καὶ
776 955 914 1049 ἀναυξῆ,
943 966 1045 1048 φασὶν
1066 957 1217 1030 delatore
1239 966 1352 1049 μένειν
1374 969 1516 1031 τοιαῦτα.

399 1072 457 1130 Pro
480 1072 579 1132 verbis
606 1064 644 1131 ἐν
667 1060 716 1144 οἷς
745 1092 811 1133 enm
834 1074 863 1132 in
888 1073 1131 1134 Meermanniano
1155 1076 1184 1132 M
1212 1080 1302 1150 atque
1328 1074 1359 1133 in
1384 1076 1517 1134 varietate

399 1175 575 1250 scripturae,
603 1194 680 1251 quae
708 1195 724 1234 e
748 1176 851 1236 oodioe
873 1175 928 1235 Ma
956 1179 1077 1236 enotata
1106 1177 1135 1236 in
1164 1181 1297 1236 extrema
1320 1175 1448 1236 editione
1467 1178 1518 1235 Ve-

400 1279 470 1335 neta
494 1275 611 1336 adiecta
627 1283 672 1337 est
682 1273 712 1353 ¹),
735 1277 805 1337 insit
827 1278 996 1338 ooniunotio
1013 1266 1082 1351 ἐάν,
1106 1279 1205 1338 elucet
1228 1297 1265 1337 ex
1289 1296 1354 1338 mea
1377 1279 1517 1338 sententia

397 1378 524 1437 Parisini
544 1381 568 1438 Β
591 1380 746 1440 lectionem
770 1369 828 1437 ἐὰν
851 1359 883 1458 ἦ,
911 1399 1000 1458 quam
1028 1380 1157 1456 probant
1185 1380 1244 1441 duo
1268 1381 1309 1440 iili
1338 1380 1442 1440 Dionis
1463 1380 1517 1439 edi-

311 1549 313 1553 .
397 1485 485 1558 tores,
511 1482 621 1542 librarii
645 1483 771 1543 alieuius
794 1483 967 1544 oonieotura
991 1487 1085 1543 ortam
1109 1502 1183 1544 esse.
1227 1485 1304 1543 Nam
1333 1502 1400 1543 oum
1425 1503 1516 1560 neque

397 1583 658 1644 Meermannianns
681 1587 710 1644 M
734 1604 832 1662 neque
856 1585 945 1646 editio
962 1587 1078 1646 Veneta
1100 1587 1193 1644 ullum
1215 1586 1346 1646 habeant
1365 1586 1517 1664 vestigium

397 1687 525 1762 copulae
548 1675 642 1761 εἶναι,
672 1693 799 1765 apparet
828 1708 866 1748 ne
894 1689 924 1748 in
948 1689 1049 1749 codiee
1073 1687 1191 1766 quidem
1213 1689 1245 1760 B,
1272 1690 1324 1765 qui
1349 1689 1456 1749 mixtus
1477 1694 1521 1748 eet

359 1807 366 1826 ·
396 1788 480 1867 liber,
503 1791 602 1850 inesse
625 1810 713 1867 posse
737 1791 933 1852 hoeverhum
958 1791 1014 1852 nisi
1038 1793 1231 1852 oonieeturae
1254 1793 1311 1850 via
1356 1792 1411 1851 [ila
1433 1791 1521 1869 igitur

396 1891 522 1952 Parisini
546 1896 570 1953 B
600 1895 748 1971 scriptura
778 1894 861 1954 nullo
892 1894 979 1954 modo
1011 1892 1057 1954 est
1085 1895 1250 1971 probanda,
1282 1895 1337 1954 nisi
1369 1898 1400 1954 et
1430 1895 1521 1954 Meet·-

398 1996 549 2055 mauniani
566 1998 596 2056 M
619 2001 648 2056 et
671 1996 810 2056 editionis
830 1999 961 2057 Venetae
985 1997 1129 2058 lectiones
1153 1997 1190 2056 ab
1214 1997 1332 2074 legibus
1354 1998 1522 2073 grammati-

398 2097 442 2155 ois
465 2099 554 2174 plane
577 2100 747 2161 abhorrent.
793 2089 879 2175 Quod
905 2119 971 2160 eum
995 2120 1055 2160 non
1077 2098 1130 2160 fiat
1146 2131 1185 2140 —-
1207 2101 1294 2160 sieuti
1310 2099 1388 2160 infra
1404 2099 1523 2160 demon·

396 2203 492 2260 strare
520 2202 651 2264 conabor
674 2234 722 2274 -‚
752 2203 961 2280 exponendum
990 2202 1060 2262 mihi
1088 2206 1140 2276 est,
1171 2207 1269 2263 utrum
1298 2204 1409 2264 eodieis
1430 2205 1460 2262 M
1486 2223 1524 2262 an

395 2305 534 2366 editionis
556 2307 688 2366 Venetae
715 2307 873 2366 lectionem
901 2305 1119 2383 praeferamus:
1150 2326 1216 2366 nam
1244 2305 1384 2366 Reiskius
1416 2311 1525 2365 utram-

395 2427 454 2486 que
482 2408 558 2468 bene
581 2426 613 2468 se
637 2410 747 2469 hahere
776 2409 855 2468 dioit.
900 2409 1067 2469 Editionem
1089 2410 1233 2469 Venetam
1255 2410 1279 2469 si
1303 2409 1468 2486 sequimur,
1495 2410 1525 2468 iu

394 2503 532 2572 verbis'
519 2528 556 2570 εν
579 2499 629 2582 οἷς
651 2500 692 2570 τὰ
714 2508 808 2571 κῶλα
830 2494 946 2592 oppid
972 2506 1030 2570 καὶ
1051 2497 1178 2589 μεγάλα
1207 2511 1377 2591 supplenda
1401 2517 1448 2571 est
1475 2530 1525 2571 oo·

394 2607 500 2691 pula’
487 2609 588 2689 εστίν,
619 2617 649 2674 iu
673 2615 868 2692 sequentihus
891 2620 989 2676 autem
1014 2607 1173 2676 vocibus’
1160 2600 1220 2673 εὰν
1242 2609 1278 2674 δὲ
1300 2600 1445 2672 ταπεινὰ
1467 2608 1527 2673 καὶ

394 2702 523 2796 ἀναυξῆ
546 2719 668 2778 'verbum
691 2709 711 2795 ᾑ
734 2717 972 2779 subaudiendum
994 2725 1051 2793 eat;
1074 2718 1150 2779 duos
1173 2723 1271 2779 autem
1294 2719 1362 2779 ilios
1385 2717 1527 2778 diversos

395 2819 498 2880 modos
522 2821 666 2898 supplere
687 2820 768 2880 haud
792 2821 861 2879 mihi
886 2821 994 2898 placet.
1037 2821 1200 2880 Prwaeteea
1222 2821 1434 2882 concinnitatis
1452 2821 1529 2897 legi·

393 2922 449 2982 bus
473 2942 532 2983 non
555 2923 630 2982 bene
653 2922 825 2999 respondet,
848 2922 929 2999 quod
953 2924 982 2981 in
1006 2923 1106 2998 priore
1127 2924 1329 2985 enuntiatione
1352 2923 1433 2983 inest
1458 2942 1530 3000 pro·

394 3043 503 3085 nomen
520 3025 689 3100 relativum,
711 3026 859 3102 posterior
883 3029 981 3084 autem
1005 3026 1171 3087 enuntiatio
1195 3027 1317 3086 exhibet
1339 3027 1530 3086 coniunctio-

392 3146 459 3187 nem
483 3117 552 3187 ἐάν.
597 3129 651 3189 His
668 3128 784 3189 duabus
802 3132 957 3204 permotus
978 3129 1075 3189 eaesis
1098 3147 1206 3189 oeuseo
1231 3128 1369 3188 editionis
1385 3129 1531 3188 Venetae

393 3233 573 3308 scripturam
605 3233 662 3292 hoo
691 3233 757 3293 loeo
787 3231 970 3292 reieiendam
1000 3235 1090 3308 atque
1119 3231 1304 3308 probandam
1333 3249 1400 3291 esse
1428 3233 1531 3292 Meet-

392 3334 542 3394 manniani
559 3335 596 3405 M,
619 3334 670 3409 qui
686 3333 809 3393 exhibet
823 3332 909 3392 haee:
933 3317 990 3391 ἐὰν
1010 3322 1053 3390 τὰ
1068 3330 1159 3391 κῶλα
1175 3315 1289 3412 ὑψηλὰ
1309 3327 1366 3390 καὶ
1380 3318 1531 3410 μεγάλα,

392 3424 451 3493 ἐὰν
474 3427 509 3494 δὲ
531 3425 674 3493 ταπεινὰ
697 3428 753 3493 καὶ
776 3418 913 3511 ἀναυξῆ.
959 3433 1098 3495 Conoedo
1123 3435 1214 3495 multo
1233 3435 1332 3495 rarius
1355 3435 1528 3495 oouiunoti·

391 3557 460 3596 vum
493 3556 583 3615 qnam
610 3535 803 3597 indicativum
827 3536 909 3596 verbi
937 3523 1022 3594 εἶναι
1052 3537 1155 3597 omitti.
1199 3535 1258 3597 Sed
1284 3537 1360 3613 Iegis
1393 3537 1532 3614 exempli

391 3641 489 3716 gratia
517 3640 546 3697 in
570 3639 766 3716 Antiphontis
789 3637 924 3699 oratioue
950 3632 1027 3752 afqi
1050 3635 1115 3697 τοῦ
1134 3654 1311 3716 χορευτου,
1340 3637 1357 3709 ἓ
1377 3642 1406 3711 8
1436 3641 1533 3714 haee;

390 3733 503 3801 ἔπειτα
531 3736 608 3820 περὶ
629 3739 700 3801 τῶν
723 3727 838 3801 αλλων
865 3733 914 3800 ὠν
942 3733 1038 3800 οὑτοι
1066 3737 1325 3821 κατηγοροῦσιν,
1353 3731 1415 3801 ἐὰν
1442 3725 1533 3821 υμῖν

389 3827 574 3925 ηδομὲνοις,
597 3833 805 3923 βουλήσομαι
822 3829 1110 3923 απολογήσασθαι,
1136 3845 1183 3904 ubi
1201 3846 1286 3904 omitt
1274 3845 1346 3904 titur
1362 3843 1513 3922 copula'
1494 3863 1528 3921 ῃ.

388 3949 552 4008 Praeterea
579 3946 616 4007 of.
640 3950 676 4008 Η.
696 3947 894 4007 Fritzsohium
918 3946 956 4006 ad
980 3945 1048 4006 mh.
1067 3946 1191 4006 Eadem.
1214 3968 1243 4024 p.
1262 3951 1313 4023 46,
1334 3951 1383 4008 29.
1431 3947 1534 4024 Apud

338 4103 339 4106 ,
389 4051 514 4110 Dionem
546 4056 654 4127 autem,
684 4069 865 4127 quamquam
899 4057 968 4125 post
999 4049 1162 4128 simplicem
1192 4049 1436 4109 ooniunotionem
1468 4039 1535 4107 ἐάν

389 4170 541 4229 nunquam
572 4151 717 4212 omittitur
744 4152 852 4228 oopula
878 4137 907 4228 ᾖ,
938 4151 1014 4228 legia
1043 4155 1142 4211 tamen
1169 4153 1199 4211 in
1228 4170 1270 4210 or.
1291 4151 1433 4211 LXXVII
1457 4155 1492 4230 4,
1516 4155 1536 4212 5

473 4367 496 4435 ι)
520 4364 563 4420 Cf.
580 4367 659 4434 Emp.
679 4362 767 4434 praef.
785 4380 812 4434 p.
824 4363 922 4418 XVIII
940 4364 993 4434 §2
