3216 5044
377 414 419 471 44

376 584 476 642 autem
500 600 537 642 cx
560 560 603 640 αὖ
618 571 657 641 τὸ
680 584 809 643 existere
832 581 929 660 potnit
950 566 1080 660 αὐτό1);
1107 584 1164 644 hoo
1180 588 1277 643 autem
1294 603 1351 644 non
1369 587 1494 646 multum

376 685 489 744 habere
512 685 582 744 mibi
605 685 723 745 videtur
746 685 965 763 probabilitatis
988 669 1072 744 αὐτὸ
1096 690 1238 747 mutatum
1263 705 1328 747 esse
1342 688 1371 747 in
1389 675 1433 746 αὖ
1447 678 1497 766 τὸ,

377 805 444 846 nam
473 788 636 847 sescenties
667 787 747 863 apud
777 789 938 865 scriptores
960 788 1094 848 invenies
1117 807 1281 866 pronomen
1305 790 1377 850 illud
1399 775 1496 864 αὐτὸ,

377 891 468 951 mnlto
501 891 598 950 rarius
628 891 803 967 particulam
835 871 886 950 αὖ.
937 892 1004 964 Qua
1035 897 1188 969 permotus
1218 912 1309 953 cansa
1335 913 1402 954 cum
1431 913 1496 972 per·

377 1011 497 1052 suasum
521 994 645 1053 habeam
668 993 804 1054 ecdicum
826 996 912 1055 OMB
936 995 1113 1071 scripturam
1138 980 1220 1054 αὐτὸ
1242 986 1350 1073 μόνον
1374 1014 1440 1056 esse
1465 997 1497 1056 li·

377 1096 541 1156 braciorum
573 1097 789 1172 conieotnram‚
823 1102 905 1156 recte
932 1098 1002 1157 mihi
1026 1098 1144 1157 videtnr
1166 1097 1304 1158 Reiskius
1326 1098 1393 1158 libri
1417 1101 1444 1158 H
1468 1105 1498 1158 et

377 1199 518 1260 editionis
549 1201 680 1259 Venetae
711 1201 867 1261 lectionem
899 1187 941 1258 αὖ
973 1190 1009 1259 τὸ
1038 1191 1146 1278 μόνον
1176 1202 1206 1260 in
1234 1201 1393 1261 editionem
1417 1221 1498 1263 rece·

377 1303 465 1379 pisse,
493 1321 530 1361 ex
552 1321 613 1377 qua
635 1303 781 1362 articulus
803 1288 842 1361 τὸ
866 1322 924 1362 non
950 1321 1017 1363 cnm
1040 1303 1186 1363 adverbio
1207 1293 1325 1380 μόνον,
1353 1305 1405 1364 sed
1429 1324 1496 1364 cum

376 1404 522 1464 infinitivo
553 1393 637 1462 εἶναι
660 1404 889 1481 coniungendus
912 1409 965 1465 est.
988 1435 1031 1447 -
1060 1404 1117 1465 Sed
1142 1406 1199 1464 iam
1223 1404 1322 1483 redeo,
1345 1406 1424 1466 unde
1448 1406 1498 1466 de·

376 1507 454 1567 flexi.
505 1508 540 1566 Iu
572 1508 675 1566 Dionis
705 1508 889 1567 orationibus
918 1526 984 1566 oum
1014 1508 1113 1566 nullus
1136 1512 1234 1567 exstet
1255 1508 1347 1584 locus,
1381 1508 1430 1568 nbi
1455 1510 1497 1568 in-

336 1643 338 1648 ,
378 1609 540 1669 veniuntur
563 1627 653 1669 voces
677 1595 761 1668 αυίὁ
783 1598 900 1687 μόνον,
931 1629 990 1670 nou
1013 1631 1031 1671 a
1055 1611 1168 1686 (lebeti,
1191 1611 1328 1687 Empori,
1351 1611 1498 1670 Dindorfii

379 1717 424 1771 sto
449 1717 543 1788 parte,
571 1713 622 1788 qui
645 1697 730 1770 αυίὀ
751 1699 861 1789 μόνον
884 1713 913 1771 in
937 1717 1049 1772 textum
1074 1713 1208 1788 recipere
1229 1713 1426 1789 studuerunt,
1445 1714 1499 1773 sed

377 1816 543 1874 aParisini
567 1817 591 1875 B
615 1815 741 1875 lectione
765 1815 965 1875 recedendum
990 1834 1055 1875 esse
1070 1815 1177 1875 iudico.
1213 1815 1342 1875 Palatini
1360 1819 1499 1876 autemP

378 1917 528 1994 scriptura
557 1906 683 1976 ναύτου
710 1906 828 1994 μόνον,
864 1937 962 1994 qnam,
994 1918 1075 1994 quod
1106 1919 1257 1978 antecedit
1286 1937 1344 1978 vox
1371 1911 1500 1990 ἴδωσιν,

376 2020 554 2079 levissimam
584 2038 650 2080 esse
680 2020 880 2080 coniecturam
912 2040 970 2081 non
994 2022 1125 2096 negabis,
1155 2021 1263 2098 optime
1287 2021 1356 2079 mihi
1379 2021 1500 2082 videtur

377 2123 537 2199 quadrare.
589 2125 690 2200 Atque
713 2124 768 2182 iam
793 2121 970 2194 Seldenus²)
993 2123 1113 2200 quidem
1138 2123 1267 2183 codicem
1290 2124 1500 2184 PalatinnmP

379 2231 497 2287 exstare
527 2228 671 2302 ignorans
695 2226 874 2286 haecdicit:
911 2219 1029 2298 ,ἴδωσι
1052 2215 1181 2285 ναύτου
1204 2227 1250 2286 vel
1273 2211 1432 2285 ναυτικὸν
1454 2245 1502 2304 χι·

378 2323 501 2386 τῶνσ.“
546 2327 686 2387 Reishius
709 2333 808 2387 antem
832 2329 908 2388 haec
930 2328 1068 2388 adnotat:
1095 2317 1246 2399 ,ναύτου
1272 2334 1303 2388 nt
1325 2328 1502 2406 paulopost

379 2423 483 2489 ἴδοιεν
506 2427 657 2507 γεωργοῦ
680 2420 805 2508 στολήν
827 2420 959 2506 ἔχονται
988 2432 1123 2506 siquem
1148 2429 1269 2490 videant
1291 2435 1400 2490 nautae
1423 2432 1501 2491 tuni·

378 2551 441 2592 cam
465 2533 671 2593 tantummodo
694 2534 723 2592 in
747 2551 873 2609 corpore
895 2535 1069 2610 gestantem.
1114 2531 1255 2592 subaudi:
1278 2538 1308 2592 et
1329 2551 1389 2593 non
1410 2533 1500 2593 simul

376 2623 518 2711 ἱμάτιον.
558 2655 624 2694 nam
647 2623 755 2711 μόνον
775 2630 903 2712 χιτῶνα
925 2637 1048 2712 respicit
1068 2638 1105 2696 ad
1121 2626 1280 2713 ipdtrov.“
1328 2637 1393 2695 Hoc
1408 2637 1502 2712 igitur

378 2755 484 2797 censeo
516 2756 575 2796 non
598 2737 766 2797 ParisiniB
793 2738 996 2798 coniecturam
1026 2723 1120 2812 αὐτὸ,
1154 2739 1206 2800 sed
1231 2737 1397 2798 PalatioiP
1420 2729 1500 2796 ναύ-

377 2857 439 2898 του
462 2841 491 2900 in
515 2844 629 2901 textum
654 2842 852 2918 recipiendam
877 2860 951 2901 esse.

464 2945 549 3018 Quae
578 2945 709 3021 genuina
739 2944 829 3004 fuerit
851 2945 1007 3021 archetypi
1030 2945 1126 3020 lectio,
1159 2943 1364 3004 difficillimum
1389 2949 1433 3004 est
1459 2945 1501 3004 di-

376 3045 510 3105 iudicare
533 3064 576 3105 or.
593 3047 675 3105 LVII
693 3052 720 3124 3,
733 3051 760 3107 9.
804 3049 881 3106 Nam
905 3065 970 3106 cum
995 3047 1024 3105 in
1049 3046 1150 3105 codice
1166 3047 1302 3106 Parisino
1319 3047 1342 3106 B
1363 3047 1436 3106 haec
1457 3047 1501 3106 in-

377 3148 450 3208 sint:
488 3135 540 3207 ὅτι
563 3140 685 3206 ἐκεῖνοι
708 3135 794 3206 κατὰ
816 3137 879 3226 τήν
902 3133 1016 3206 αὐτῶν
1039 3132 1233 3226 ἀφροσύνην
1254 3141 1311 3206 καὶ
1333 3133 1499 3227 ἀναισθη-

379 3245 455 3310 σίαν
478 3236 734 3330 ἀπειθήσουσιν,
757 3237 799 3310 ἀν
822 3238 1019 3324 ἀπειθῶσιν,
1042 3257 1133 3329 atque
1156 3253 1186 3310 in
1211 3253 1455 3312 Meermannianc
1472 3254 1502 3313 Μ

377 3355 463 3414 haec:
502 3399 508 3412 .
534 3399 540 3413 .
566 3400 572 3412 .
596 3338 851 3434 ἀπειθήσουσιν,
877 3339 1118 3427 ἀναπειθάσιν,
1143 3353 1342 3435 intellegimus
1365 3353 1501 3415 futurum

377 3457 478 3534 tuisse,
508 3461 541 3517 ut
564 3457 665 3518 eadem
690 3457 772 3518 libris
794 3459 854 3518 ΜΒ
878 3457 1037 3518 memoriae
1060 3457 1228 3518 traderetur
1251 3459 1411 3535 scriptura,
1443 3458 1504 3517 nisi

377 3560 525 3620 levissimo
556 3561 629 3620 vitio
660 3560 755 3621 codex
778 3563 809 3620 M
839 3566 999 3637 corruptus
1022 3564 1112 3631 csset;
1143 3560 1200 3620 boc
1223 3561 1313 3636 igitur
1336 3578 1390 3637 pro
1415 3567 1503 3621 certo

377 3662 547 3722 habcndum
571 3669 617 3722 est
639 3661 772 3722 codicem
796 3679 814 3721 ο
839 3663 917 3723 banc
940 3662 1109 3722 exhibuisse
1134 3663 1304 3722 lectionem:
1329 3706 1384 3720 ...
1407 3646 1504 3721 ἀπει-

378 3753 545 3842 θήσουσιν
575 3751 617 3822 ilo
647 3749 869 3837 ἀπειθῶσιν.3)
921 3765 1031 3825 Contra
1063 3782 1128 3824 cum
1160 3764 1313 3824 codicibus
1344 3765 1400 3826 Hc
1423 3765 1504 3825 hacc

465 3966 486 4032 ¹)
505 3963 550 4019 Or.
565 3964 618 4018 Vll
630 3969 695 4033 sr‚5
719 3963 824 4018 librarii
847 3977 938 4018 errore
960 3964 988 4018 in
1007 3963 1102 4018 codiee
1121 3961 1344 4017 Meermanniano
1362 3961 1389 4014 lt
1408 3977 1444 4016 ex
1466 3952 1504 4017 αὖ

378 4052 437 4102 τῶν
455 4055 543 4104 ortum
562 4055 607 4105 est
624 4042 729 4105 αὐτῶν.

464 4137 486 4200 ²)
504 4135 545 4189 ef.
563 4136 591 4190 J.
605 4135 647 4188 Fr.
659 4135 751 4201 Wolff,
770 4134 787 4188 l.
805 4151 828 4188 c.
847 4150 873 4202 p.
886 4139 944 4188 284.

464 4223 486 4288 ³)
503 4220 545 4274 De
564 4220 668 4274 codicis
681 4220 773 4288 Ignoti
786 4219 805 4275 S
818 4219 968 4288 scriptura:
988 4211 1190 4289 ἀπηθήσουοιν
1209 4211 1244 4272 ἀν
1262 4213 1425 4272 ἀπειθῶσιν
1444 4236 1507 4274 non

378 4306 452 4373 dico,
483 4305 557 4374 quod
582 4306 629 4360 ille
651 4305 724 4360 liber
745 4304 813 4359 nihil
837 4305 912 4359 valet
934 4321 968 4359 ex
987 4305 1126 4359 sententia
1143 4319 1204 4360 mea
1222 4305 1257 4358 sd
1276 4305 1507 4372 cognoscendam

379 4391 528 4458 genuinam
541 4390 685 4459 archetypi
699 4391 858 4458 lectionem3
877 4387 912 4445 cf.
926 4389 1102 4458 Emppraei.
1115 4389 1309 4460 p.XV11§ll:
1325 4388 1433 4457 „Valde
1448 4390 1509 4445 iste
