<?xml version="1.0" encoding="UTF-8"?>
<!DOCTYPE html PUBLIC "-//W3C//DTD XHTML 1.0 Transitional//EN"
    "http://www.w3.org/TR/xhtml1/DTD/xhtml1-transitional.dtd">
<html xmlns="http://www.w3.org/1999/xhtml" xml:lang="en" lang="en">
 <head>
  <title>
</title>
<meta http-equiv="Content-Type" content="text/html;charset=utf-8" />
  <meta name='ocr-system' content='tesseract 3.04.00' />
  <meta name='ocr-capabilities' content='ocr_page ocr_carea ocr_par ocr_line ocrx_word'/>
</head>
<body>
  <div class='ocr_page' id='page_1' title='image "./dedionischrysos00mahngoog_0089.png"; bbox 0 0 3216 5044; ppageno 0'>
   <div class='ocr_carea' id='block_1_1' title="bbox 412 405 452 466">
    <p class='ocr_par' dir='ltr' id='par_1_1' title="bbox 412 405 452 466">
     <span class='ocr_line' id='line_1_1' title="bbox 412 405 452 466; baseline 0 0"><span class='ocrx_word' id='word_1_1' title='bbox 412 405 452 466; x_wconf 88' lang='lat'>82</span> 
     </span>
    </p>
   </div>
   <div class='ocr_carea' id='block_1_2' title="bbox 302 574 1581 1781">
    <p class='ocr_par' dir='ltr' id='par_1_2' title="bbox 393 574 1579 1165">
     <span class='ocr_line' id='line_1_2' title="bbox 410 574 1579 660; baseline -0.002 -25"><span class='ocrx_word' id='word_1_2' title='bbox 410 579 445 635; x_wconf 88' lang='lat' dir='ltr'>ut</span> <span class='ocrx_word' id='word_1_3' title='bbox 466 574 629 652; x_wconf 90' lang='lat' dir='ltr'>vituperari</span> <span class='ocrx_word' id='word_1_4' title='bbox 653 576 741 635; x_wconf 88' lang='lat' dir='ltr'>lieeat</span> <span class='ocrx_word' id='word_1_5' title='bbox 761 575 937 653; x_wconf 88' lang='lat' dir='ltr'>Morellium,</span> <span class='ocrx_word' id='word_1_6' title='bbox 963 575 986 635; x_wconf 93' lang='lat' dir='ltr'>si</span> <span class='ocrx_word' id='word_1_7' title='bbox 1003 577 1078 636; x_wconf 84' lang='lat' dir='ltr'>alies</span> <span class='ocrx_word' id='word_1_8' title='bbox 1094 576 1236 654; x_wconf 87' lang='lat' dir='ltr'>praetulit</span> <span class='ocrx_word' id='word_1_9' title='bbox 1252 576 1404 646; x_wconf 87' lang='lat' dir='ltr'>leotiones;</span> <span class='ocrx_word' id='word_1_10' title='bbox 1425 593 1510 634; x_wconf 88' lang='lat' dir='ltr'>rerum</span> <span class='ocrx_word' id='word_1_11' title='bbox 1578 601 1579 660; x_wconf 47' lang='lat' dir='ltr'>p</span> 
     </span>
     <span class='ocr_line' id='line_1_3' title="bbox 411 676 1510 755; baseline -0.002 -17"><span class='ocrx_word' id='word_1_12' title='bbox 411 679 489 738; x_wconf 89' lang='lat' dir='ltr'>hane</span> <span class='ocrx_word' id='word_1_13' title='bbox 513 677 614 750; x_wconf 89' lang='lat' dir='ltr'>solam,</span> <span class='ocrx_word' id='word_1_14' title='bbox 641 680 674 737; x_wconf 93' lang='lat' dir='ltr'>ut</span> <span class='ocrx_word' id='word_1_15' title='bbox 701 677 916 755; x_wconf 75' lang='lat' dir='ltr'>intellegamus,</span> <span class='ocrx_word' id='word_1_16' title='bbox 944 696 1022 755; x_wconf 88' lang='lat' dir='ltr'>quae</span> <span class='ocrx_word' id='word_1_17' title='bbox 1050 678 1124 737; x_wconf 90' lang='lat' dir='ltr'>fides</span> <span class='ocrx_word' id='word_1_18' title='bbox 1151 678 1193 736; x_wconf 92' lang='lat' dir='ltr'>illi</span> <span class='ocrx_word' id='word_1_19' title='bbox 1216 679 1280 740; x_wconf 88' lang='lat' dir='ltr'>viro</span> <span class='ocrx_word' id='word_1_20' title='bbox 1308 676 1458 738; x_wconf 85' lang='lat' dir='ltr'>tribuenda</span> <span class='ocrx_word' id='word_1_21' title='bbox 1475 678 1510 746; x_wconf 84' lang='lat' dir='ltr'>sit,</span> 
     </span>
     <span class='ocr_line' id='line_1_4' title="bbox 393 779 1510 854; baseline -0.003 -15"><span class='ocrx_word' id='word_1_22' title='bbox 393 798 533 841; x_wconf 80' lang='lat' dir='ltr'>neeesse</span> <span class='ocrx_word' id='word_1_23' title='bbox 556 783 601 839; x_wconf 87' lang='lat' dir='ltr'>est</span> <span class='ocrx_word' id='word_1_24' title='bbox 622 779 826 854; x_wconf 80' lang='lat' dir='ltr'>ingrediamur</span> <span class='ocrx_word' id='word_1_25' title='bbox 849 781 940 839; x_wconf 85' lang='lat' dir='ltr'>viam:</span> <span class='ocrx_word' id='word_1_26' title='bbox 974 782 1007 841; x_wconf 94' lang='lat' dir='ltr'>ln</span> <span class='ocrx_word' id='word_1_27' title='bbox 1032 779 1243 842; x_wconf 76' lang='lat' dir='ltr'>additamentis</span> <span class='ocrx_word' id='word_1_28' title='bbox 1265 781 1323 840; x_wconf 89' lang='lat' dir='ltr'>illis</span> <span class='ocrx_word' id='word_1_29' title='bbox 1353 781 1510 840; x_wconf 80' lang='lat' dir='ltr'>mentionem</span> 
     </span>
     <span class='ocr_line' id='line_1_5' title="bbox 410 877 1511 960; baseline -0.003 -18"><span class='ocrx_word' id='word_1_30' title='bbox 410 882 530 960; x_wconf 85' lang='lat' dir='ltr'>saepius</span> <span class='ocrx_word' id='word_1_31' title='bbox 552 881 624 942; x_wconf 83' lang='lat' dir='ltr'>faeit</span> <span class='ocrx_word' id='word_1_32' title='bbox 650 882 804 941; x_wconf 90' lang='lat' dir='ltr'>euinsdam</span> <span class='ocrx_word' id='word_1_33' title='bbox 829 881 941 942; x_wconf 89' lang='lat' dir='ltr'>oedieis</span> <span class='ocrx_word' id='word_1_34' title='bbox 964 877 1059 959; x_wconf 81' lang='lat' dir='ltr'>Regii,</span> <span class='ocrx_word' id='word_1_35' title='bbox 1088 901 1175 960; x_wconf 91' lang='lat' dir='ltr'>quem</span> <span class='ocrx_word' id='word_1_36' title='bbox 1199 883 1326 944; x_wconf 85' lang='lat' dir='ltr'>eundem</span> <span class='ocrx_word' id='word_1_37' title='bbox 1350 901 1413 943; x_wconf 87' lang='lat' dir='ltr'>esse</span> <span class='ocrx_word' id='word_1_38' title='bbox 1438 886 1511 958; x_wconf 88' lang='lat' dir='ltr'>atque</span> 
     </span>
     <span class='ocr_line' id='line_1_6' title="bbox 409 982 1511 1062; baseline -0.003 -19"><span class='ocrx_word' id='word_1_39' title='bbox 409 983 622 1044; x_wconf 87' lang='lat' dir='ltr'>ParisinumA</span> <span class='ocrx_word' id='word_1_40' title='bbox 645 982 766 1044; x_wconf 82' lang='lat' dir='ltr'>Geelins</span> <span class='ocrx_word' id='word_1_41' title='bbox 789 983 916 1044; x_wconf 90' lang='lat' dir='ltr'>dilnoide</span> <span class='ocrx_word' id='word_1_42' title='bbox 933 985 1079 1062; x_wconf 82' lang='lat' dir='ltr'>exposuit.</span> <span class='ocrx_word' id='word_1_43' title='bbox 1124 986 1213 1044; x_wconf 88' lang='lat' dir='ltr'>Hune</span> <span class='ocrx_word' id='word_1_44' title='bbox 1235 989 1333 1045; x_wconf 92' lang='lat' dir='ltr'>autem</span> <span class='ocrx_word' id='word_1_45' title='bbox 1358 983 1511 1045; x_wconf 83' lang='lat' dir='ltr'>oodieeml</span> 
     </span>
     <span class='ocr_line' id='line_1_7' title="bbox 410 1085 1512 1165; baseline -0.002 -21"><span class='ocrx_word' id='word_1_46' title='bbox 410 1103 478 1146; x_wconf 89' lang='lat' dir='ltr'>enm</span> <span class='ocrx_word' id='word_1_47' title='bbox 508 1086 602 1146; x_wconf 87' lang='lat' dir='ltr'>tribus</span> <span class='ocrx_word' id='word_1_48' title='bbox 629 1085 733 1146; x_wconf 89' lang='lat' dir='ltr'>Dionis</span> <span class='ocrx_word' id='word_1_49' title='bbox 761 1086 955 1163; x_wconf 74' lang='lat' dir='ltr'>orationibus¹</span> <span class='ocrx_word' id='word_1_50' title='bbox 975 1087 1038 1162; x_wconf 90' lang='lat' dir='ltr'>ipse</span> <span class='ocrx_word' id='word_1_51' title='bbox 1069 1090 1159 1162; x_wconf 87' lang='lat' dir='ltr'>atque</span> <span class='ocrx_word' id='word_1_52' title='bbox 1189 1088 1319 1165; x_wconf 80' lang='lat' dir='ltr'>llmperii</span> <span class='ocrx_word' id='word_1_53' title='bbox 1348 1092 1431 1164; x_wconf 89' lang='lat' dir='ltr'>pater</span> <span class='ocrx_word' id='word_1_54' title='bbox 1457 1103 1512 1144; x_wconf 90' lang='lat' dir='ltr'>oon·</span> 
     </span>
    </p>

    <p class='ocr_par' dir='ltr' id='par_1_3' title="bbox 350 1188 1581 1674">
     <span class='ocr_line' id='line_1_8' title="bbox 350 1188 1512 1264; baseline -0.003 -16"><span class='ocrx_word' id='word_1_55' title='bbox 350 1202 354 1208; x_wconf 85' lang='grc'><strong><em>’</em></strong></span> <span class='ocrx_word' id='word_1_56' title='bbox 410 1188 552 1248; x_wconf 84' lang='lat' dir='ltr'>tulerunt</span> <span class='ocrx_word' id='word_1_57' title='bbox 600 1189 714 1247; x_wconf 90' lang='lat' dir='ltr'>Horum</span> <span class='ocrx_word' id='word_1_58' title='bbox 742 1188 868 1248; x_wconf 87' lang='lat' dir='ltr'>duorum</span> <span class='ocrx_word' id='word_1_59' title='bbox 897 1189 1028 1248; x_wconf 88' lang='lat' dir='ltr'>virorum</span> <span class='ocrx_word' id='word_1_60' title='bbox 1061 1189 1237 1249; x_wconf 80' lang='lat' dir='ltr'>collationes</span> <span class='ocrx_word' id='word_1_61' title='bbox 1268 1191 1292 1250; x_wconf 89' lang='lat' dir='ltr'>si</span> <span class='ocrx_word' id='word_1_62' title='bbox 1327 1203 1512 1264; x_wconf 75' lang='lat' dir='ltr'>comparamus</span> 
     </span>
     <span class='ocr_line' id='line_1_9' title="bbox 411 1290 1513 1368; baseline -0.003 -18"><span class='ocrx_word' id='word_1_63' title='bbox 411 1307 478 1350; x_wconf 88' lang='lat' dir='ltr'>oum</span> <span class='ocrx_word' id='word_1_64' title='bbox 496 1290 623 1351; x_wconf 85' lang='lat' dir='ltr'>Morellii</span> <span class='ocrx_word' id='word_1_65' title='bbox 639 1290 893 1366; x_wconf 85' lang='lat' dir='ltr'>adnotationibus,</span> <span class='ocrx_word' id='word_1_66' title='bbox 915 1291 1090 1368; x_wconf 83' lang='lat' dir='ltr'>intellegere</span> <span class='ocrx_word' id='word_1_67' title='bbox 1106 1308 1274 1368; x_wconf 84' lang='lat' dir='ltr'>possumus,</span> <span class='ocrx_word' id='word_1_68' title='bbox 1296 1311 1357 1368; x_wconf 86' lang='lat' dir='ltr'>qua</span> <span class='ocrx_word' id='word_1_69' title='bbox 1378 1290 1513 1367; x_wconf 84' lang='lat' dir='ltr'>diligentia</span> 
     </span>
     <span class='ocr_line' id='line_1_10' title="bbox 409 1391 1581 1482; baseline -0.005 -29"><span class='ocrx_word' id='word_1_70' title='bbox 409 1393 462 1453; x_wconf 92' lang='lat' dir='ltr'>ille</span> <span class='ocrx_word' id='word_1_71' title='bbox 484 1395 530 1453; x_wconf 87' lang='lat' dir='ltr'>vir</span> <span class='ocrx_word' id='word_1_72' title='bbox 552 1410 625 1454; x_wconf 88' lang='lat' dir='ltr'>usus</span> <span class='ocrx_word' id='word_1_73' title='bbox 647 1393 685 1453; x_wconf 93' lang='lat' dir='ltr'>sit</span> <span class='ocrx_word' id='word_1_74' title='bbox 708 1393 737 1451; x_wconf 95' lang='lat' dir='ltr'>in</span> <span class='ocrx_word' id='word_1_75' title='bbox 759 1391 911 1452; x_wconf 84' lang='lat' dir='ltr'>exarando</span> <span class='ocrx_word' id='word_1_76' title='bbox 935 1393 1103 1454; x_wconf 89' lang='lat' dir='ltr'>ParisiniA</span> <span class='ocrx_word' id='word_1_77' title='bbox 1125 1394 1298 1470; x_wconf 78' lang='lat' dir='ltr'>scripturas.</span> <span class='ocrx_word' id='word_1_78' title='bbox 1341 1392 1513 1454; x_wconf 86' lang='lat' dir='ltr'>Proferamns</span> <span class='ocrx_word' id='word_1_79' title='bbox 1576 1453 1581 1482; x_wconf 87' lang='lat'>,</span> 
     </span>
     <span class='ocr_line' id='line_1_11' title="bbox 409 1484 1580 1573; baseline -0.003 -17"><span class='ocrx_word' id='word_1_80' title='bbox 409 1496 501 1573; x_wconf 83' lang='lat' dir='ltr'>igitur</span> <span class='ocrx_word' id='word_1_81' title='bbox 523 1514 574 1556; x_wconf 92' lang='lat' dir='ltr'>eos</span> <span class='ocrx_word' id='word_1_82' title='bbox 596 1496 689 1573; x_wconf 90' lang='lat' dir='ltr'>loeos,</span> <span class='ocrx_word' id='word_1_83' title='bbox 710 1494 761 1555; x_wconf 88' lang='lat' dir='ltr'>ubi</span> <span class='ocrx_word' id='word_1_84' title='bbox 776 1495 898 1556; x_wconf 85' lang='lat' dir='ltr'>Geelius</span> <span class='ocrx_word' id='word_1_85' title='bbox 914 1499 944 1555; x_wconf 92' lang='lat' dir='ltr'>et</span> <span class='ocrx_word' id='word_1_86' title='bbox 959 1496 1112 1556; x_wconf 88' lang='lat' dir='ltr'>Morellius</span> <span class='ocrx_word' id='word_1_87' title='bbox 1135 1495 1271 1556; x_wconf 88' lang='lat' dir='ltr'>diversas</span> <span class='ocrx_word' id='word_1_88' title='bbox 1287 1497 1417 1556; x_wconf 80' lang='lat' dir='ltr'>afferunt</span> <span class='ocrx_word' id='word_1_89' title='bbox 1429 1495 1513 1554; x_wconf 86' lang='lat' dir='ltr'>leotio·</span> <span class='ocrx_word' id='word_1_90' title='bbox 1576 1484 1580 1516; x_wconf 86' lang='lat'><strong>¹</strong></span> 
     </span>
     <span class='ocr_line' id='line_1_12' title="bbox 411 1580 1513 1674; baseline -0.003 -16"><span class='ocrx_word' id='word_1_91' title='bbox 411 1617 476 1659; x_wconf 89' lang='lat' dir='ltr'>nes:</span> <span class='ocrx_word' id='word_1_92' title='bbox 509 1599 564 1658; x_wconf 88' lang='lat' dir='ltr'>XlI</span> <span class='ocrx_word' id='word_1_93' title='bbox 587 1603 634 1670; x_wconf 90' lang='grc'>11,</span> <span class='ocrx_word' id='word_1_94' title='bbox 655 1603 687 1660; x_wconf 91' lang='lat'>2:</span> <span class='ocrx_word' id='word_1_95' title='bbox 715 1597 834 1658; x_wconf 80' lang='lat' dir='ltr'>(ieelius</span> <span class='ocrx_word' id='word_1_96' title='bbox 861 1580 986 1670; x_wconf 74' lang='grc' dir='ltr'><strong>αὐτῶν,</strong></span> <span class='ocrx_word' id='word_1_97' title='bbox 1013 1599 1166 1659; x_wconf 87' lang='lat' dir='ltr'>Morellius</span> <span class='ocrx_word' id='word_1_98' title='bbox 1193 1582 1322 1674; x_wconf 76' lang='grc' dir='ltr'><strong>αὐτῶν,</strong></span> <span class='ocrx_word' id='word_1_99' title='bbox 1355 1599 1409 1658; x_wconf 91' lang='lat' dir='ltr'>Xll</span> <span class='ocrx_word' id='word_1_100' title='bbox 1430 1602 1473 1674; x_wconf 90' lang='lat'>13,</span> <span class='ocrx_word' id='word_1_101' title='bbox 1489 1600 1513 1656; x_wconf 92' lang='lat'>2:</span> 
     </span>
    </p>

    <p class='ocr_par' dir='ltr' id='par_1_4' title="bbox 302 1686 1514 1781">
     <span class='ocr_line' id='line_1_13' title="bbox 302 1686 1514 1781; baseline -0.005 -20"><span class='ocrx_word' id='word_1_102' title='bbox 302 1739 305 1746; x_wconf 89' lang='lat'>-</span> <span class='ocrx_word' id='word_1_103' title='bbox 410 1701 530 1762; x_wconf 85' lang='lat' dir='ltr'>Geelius</span> <span class='ocrx_word' id='word_1_104' title='bbox 550 1686 774 1777; x_wconf 65' lang='grc' dir='ltr'>ὀρνιθοθῆραι,</span> <span class='ocrx_word' id='word_1_105' title='bbox 797 1700 949 1760; x_wconf 88' lang='lat' dir='ltr'>Morellius</span> <span class='ocrx_word' id='word_1_106' title='bbox 970 1686 1198 1781; x_wconf 79' lang='grc' dir='ltr'><strong>ὀρνιθοθήρᾳ,</strong></span> <span class='ocrx_word' id='word_1_107' title='bbox 1227 1701 1283 1760; x_wconf 93' lang='lat' dir='ltr'>Xll</span> <span class='ocrx_word' id='word_1_108' title='bbox 1300 1705 1390 1772; x_wconf 84' lang='grc'><strong>29,1;</strong></span> <span class='ocrx_word' id='word_1_109' title='bbox 1412 1699 1514 1760; x_wconf 80' lang='lat' dir='ltr'>(leelina</span> 
     </span>
    </p>
   </div>
   <div class='ocr_carea' id='block_1_3' title="bbox 409 1788 1580 1914">
    <p class='ocr_par' dir='ltr' id='par_1_5' title="bbox 409 1788 1580 1914">
     <span class='ocr_line' id='line_1_14' title="bbox 409 1788 1580 1914; baseline -0.003 -53"><span class='ocrx_word' id='word_1_110' title='bbox 409 1788 461 1876; x_wconf 77' lang='lat' dir='ltr'>od,</span> <span class='ocrx_word' id='word_1_111' title='bbox 484 1803 635 1864; x_wconf 90' lang='lat' dir='ltr'>Morellius</span> <span class='ocrx_word' id='word_1_112' title='bbox 658 1788 734 1876; x_wconf 81' lang='grc' dir='ltr'><strong>οὖν,</strong></span> <span class='ocrx_word' id='word_1_113' title='bbox 765 1803 893 1880; x_wconf 82' lang='lat' dir='ltr'>X1149,</span> <span class='ocrx_word' id='word_1_114' title='bbox 914 1806 947 1864; x_wconf 68' lang='grc'><strong>9,</strong></span> <span class='ocrx_word' id='word_1_115' title='bbox 976 1803 1096 1863; x_wconf 79' lang='lat' dir='ltr'>(leelina</span> <span class='ocrx_word' id='word_1_116' title='bbox 1119 1797 1227 1874; x_wconf 77' lang='grc' dir='ltr'><strong>θείου,</strong></span> <span class='ocrx_word' id='word_1_117' title='bbox 1255 1804 1410 1864; x_wconf 88' lang='lat' dir='ltr'>Morellius</span> <span class='ocrx_word' id='word_1_118' title='bbox 1430 1792 1513 1860; x_wconf 82' lang='grc' dir='ltr'><strong>θύου.</strong></span> <span class='ocrx_word' id='word_1_119' title='bbox 1579 1873 1580 1914; x_wconf 70' lang='lat'>,</span> 
     </span>
    </p>
   </div>
   <div class='ocr_carea' id='block_1_4' title="bbox 409 1906 1580 2511">
    <p class='ocr_par' dir='ltr' id='par_1_6' title="bbox 409 1906 1580 2520">
     <span class='ocr_line' id='line_1_15' title="bbox 409 1906 1579 1983; baseline -0.005 -17"><span class='ocrx_word' id='word_1_120' title='bbox 409 1908 444 1966; x_wconf 90' lang='lat' dir='ltr'>ln</span> <span class='ocrx_word' id='word_1_121' title='bbox 475 1906 625 1967; x_wconf 85' lang='lat' dir='ltr'>trioeaime</span> <span class='ocrx_word' id='word_1_122' title='bbox 652 1907 749 1966; x_wconf 84' lang='lat' dir='ltr'>altera</span> <span class='ocrx_word' id='word_1_123' title='bbox 779 1909 877 1966; x_wconf 86' lang='lat' dir='ltr'>autem</span> <span class='ocrx_word' id='word_1_124' title='bbox 911 1906 1002 1983; x_wconf 89' lang='lat' dir='ltr'>atque</span> <span class='ocrx_word' id='word_1_125' title='bbox 1034 1906 1065 1965; x_wconf 91' lang='lat' dir='ltr'>in</span> <span class='ocrx_word' id='word_1_126' title='bbox 1099 1907 1248 1966; x_wconf 85' lang='lat' dir='ltr'>trioeeima</span> <span class='ocrx_word' id='word_1_127' title='bbox 1279 1908 1368 1966; x_wconf 87' lang='lat' dir='ltr'>tertia</span> <span class='ocrx_word' id='word_1_128' title='bbox 1399 1906 1514 1966; x_wconf 88' lang='lat' dir='ltr'>oratione</span> <span class='ocrx_word' id='word_1_129' title='bbox 1577 1970 1579 1979; x_wconf 33' lang='grc' dir='ltr'>Ι</span> 
     </span>
     <span class='ocr_line' id='line_1_16' title="bbox 410 2008 1580 2085; baseline -0.002 -17"><span class='ocrx_word' id='word_1_130' title='bbox 410 2009 510 2069; x_wconf 90' lang='lat' dir='ltr'>nullae</span> <span class='ocrx_word' id='word_1_131' title='bbox 532 2011 654 2080; x_wconf 84' lang='lat' dir='ltr'>exstant</span> <span class='ocrx_word' id='word_1_132' title='bbox 675 2008 905 2085; x_wconf 79' lang='lat' dir='ltr'>discrepantiae.</span> <span class='ocrx_word' id='word_1_133' title='bbox 1576 2066 1580 2081; x_wconf 79' lang='grc'><strong>,</strong></span> 
     </span>
     <span class='ocr_line' id='line_1_17' title="bbox 495 2088 1580 2189; baseline -0.006 -18"><span class='ocrx_word' id='word_1_134' title='bbox 495 2113 529 2172; x_wconf 95' lang='lat' dir='ltr'>ln</span> <span class='ocrx_word' id='word_1_135' title='bbox 558 2112 653 2171; x_wconf 89' lang='lat' dir='ltr'>tribus</span> <span class='ocrx_word' id='word_1_136' title='bbox 683 2112 776 2189; x_wconf 87' lang='lat' dir='ltr'>igitur</span> <span class='ocrx_word' id='word_1_137' title='bbox 806 2110 991 2172; x_wconf 87' lang='lat' dir='ltr'>orationibus</span> <span class='ocrx_word' id='word_1_138' title='bbox 1020 2115 1128 2187; x_wconf 86' lang='lat' dir='ltr'>qnater</span> <span class='ocrx_word' id='word_1_139' title='bbox 1160 2111 1312 2171; x_wconf 90' lang='lat' dir='ltr'>Morellius</span> <span class='ocrx_word' id='word_1_140' title='bbox 1343 2130 1402 2172; x_wconf 94' lang='lat' dir='ltr'>non</span> <span class='ocrx_word' id='word_1_141' title='bbox 1432 2113 1515 2170; x_wconf 87' lang='lat' dir='ltr'>reotas</span> <span class='ocrx_word' id='word_1_142' title='bbox 1576 2088 1580 2109; x_wconf 75' lang='lat'>¹</span> 
     </span>
     <span class='ocr_line' id='line_1_18' title="bbox 410 2214 1516 2292; baseline -0.006 -17"><span class='ocrx_word' id='word_1_143' title='bbox 410 2215 544 2276; x_wconf 88' lang='lat' dir='ltr'>attulisse</span> <span class='ocrx_word' id='word_1_144' title='bbox 565 2214 686 2274; x_wconf 86' lang='lat' dir='ltr'>videtur</span> <span class='ocrx_word' id='word_1_145' title='bbox 708 2215 881 2291; x_wconf 79' lang='lat' dir='ltr'>scripturae.</span> <span class='ocrx_word' id='word_1_146' title='bbox 925 2216 1031 2290; x_wconf 86' lang='lat' dir='ltr'>ltaque</span> <span class='ocrx_word' id='word_1_147' title='bbox 1054 2232 1174 2274; x_wconf 88' lang='lat' dir='ltr'>oausam</span> <span class='ocrx_word' id='word_1_148' title='bbox 1197 2232 1345 2274; x_wconf 91' lang='lat' dir='ltr'>essenon</span> <span class='ocrx_word' id='word_1_149' title='bbox 1369 2218 1449 2292; x_wconf 89' lang='lat' dir='ltr'>puto,</span> <span class='ocrx_word' id='word_1_150' title='bbox 1472 2229 1516 2271; x_wconf 88' lang='lat' dir='ltr'>eor</span> 
     </span>
     <span class='ocr_line' id='line_1_19' title="bbox 410 2315 1515 2395; baseline -0.006 -18"><span class='ocrx_word' id='word_1_151' title='bbox 410 2321 526 2378; x_wconf 81' lang='lat' dir='ltr'>ceteras</span> <span class='ocrx_word' id='word_1_152' title='bbox 549 2317 722 2395; x_wconf 78' lang='lat' dir='ltr'>scripturas,</span> <span class='ocrx_word' id='word_1_153' title='bbox 749 2335 824 2393; x_wconf 90' lang='lat' dir='ltr'>quas</span> <span class='ocrx_word' id='word_1_154' title='bbox 848 2315 1000 2376; x_wconf 81' lang='lat' dir='ltr'>Morellius</span> <span class='ocrx_word' id='word_1_155' title='bbox 1029 2334 1067 2375; x_wconf 81' lang='lat' dir='ltr'>ex</span> <span class='ocrx_word' id='word_1_156' title='bbox 1089 2316 1138 2376; x_wconf 95' lang='lat' dir='ltr'>illo</span> <span class='ocrx_word' id='word_1_157' title='bbox 1161 2315 1264 2378; x_wconf 89' lang='lat' dir='ltr'>oodiee</span> <span class='ocrx_word' id='word_1_158' title='bbox 1292 2317 1452 2394; x_wconf 83' lang='lat' dir='ltr'>exseripsit,</span> <span class='ocrx_word' id='word_1_159' title='bbox 1476 2331 1515 2372; x_wconf 89' lang='lat' dir='ltr'>ne-</span> 
     </span>
     <span class='ocr_line' id='line_1_20' title="bbox 409 2418 1516 2511; baseline -0.007 -31"><span class='ocrx_word' id='word_1_160' title='bbox 409 2421 565 2511; x_wconf 82' lang='lat' dir='ltr'>glegemus</span> <span class='ocrx_word' id='word_1_161' title='bbox 594 2437 692 2496; x_wconf 89' lang='lat' dir='ltr'>neque</span> <span class='ocrx_word' id='word_1_162' title='bbox 721 2437 908 2498; x_wconf 86' lang='lat' dir='ltr'>usurpemus,</span> <span class='ocrx_word' id='word_1_163' title='bbox 936 2420 961 2478; x_wconf 89' lang='lat' dir='ltr'>ei</span> <span class='ocrx_word' id='word_1_164' title='bbox 988 2421 1160 2479; x_wconf 84' lang='lat' dir='ltr'>aoeuratius</span> <span class='ocrx_word' id='word_1_165' title='bbox 1187 2418 1367 2479; x_wconf 87' lang='lat' dir='ltr'>deteriorum</span> <span class='ocrx_word' id='word_1_166' title='bbox 1396 2419 1516 2479; x_wconf 90' lang='lat' dir='ltr'>eodionm</span> 
     </span>
    </p>
   </div>
   <div class='ocr_carea' id='block_1_5' title="bbox 409 2521 1583 4454">
    <p class='ocr_par' dir='ltr' id='par_1_7' title="bbox 409 2521 1164 2600">
     <span class='ocr_line' id='line_1_21' title="bbox 409 2521 1164 2600; baseline 0.001 -19"><span class='ocrx_word' id='word_1_167' title='bbox 409 2522 638 2582; x_wconf 81' lang='lat' dir='ltr'>familiaritatem</span> <span class='ocrx_word' id='word_1_168' title='bbox 662 2540 814 2600; x_wconf 85' lang='lat' dir='ltr'>exponere</span> <span class='ocrx_word' id='word_1_169' title='bbox 837 2521 867 2581; x_wconf 94' lang='lat' dir='ltr'>in</span> <span class='ocrx_word' id='word_1_170' title='bbox 890 2522 987 2582; x_wconf 88' lang='lat' dir='ltr'>animo</span> <span class='ocrx_word' id='word_1_171' title='bbox 1010 2522 1164 2582; x_wconf 89' lang='lat' dir='ltr'>habemns.</span> 
     </span>
    </p>

    <p class='ocr_par' dir='ltr' id='par_1_8' title="bbox 409 2609 1583 4454">
     <span class='ocr_line' id='line_1_22' title="bbox 496 2609 1580 2702; baseline -0.007 -17"><span class='ocrx_word' id='word_1_172' title='bbox 496 2626 580 2698; x_wconf 80' lang='lat' dir='ltr'>Quae</span> <span class='ocrx_word' id='word_1_173' title='bbox 607 2643 673 2684; x_wconf 91' lang='lat' dir='ltr'>oum</span> <span class='ocrx_word' id='word_1_174' title='bbox 701 2625 743 2685; x_wconf 87' lang='lat' dir='ltr'>ita</span> <span class='ocrx_word' id='word_1_175' title='bbox 768 2625 841 2702; x_wconf 92' lang='lat' dir='ltr'>sint,</span> <span class='ocrx_word' id='word_1_176' title='bbox 866 2643 926 2685; x_wconf 92' lang='lat' dir='ltr'>non</span> <span class='ocrx_word' id='word_1_177' title='bbox 956 2625 1084 2684; x_wconf 85' lang='lat' dir='ltr'>alienum</span> <span class='ocrx_word' id='word_1_178' title='bbox 1113 2643 1232 2701; x_wconf 89' lang='lat' dir='ltr'>eenseo,</span> <span class='ocrx_word' id='word_1_179' title='bbox 1261 2625 1285 2685; x_wconf 93' lang='lat' dir='ltr'>si</span> <span class='ocrx_word' id='word_1_180' title='bbox 1313 2642 1393 2685; x_wconf 90' lang='lat' dir='ltr'>nune</span> <span class='ocrx_word' id='word_1_181' title='bbox 1420 2622 1518 2684; x_wconf 88' lang='lat' dir='ltr'>oodieis</span> <span class='ocrx_word' id='word_1_182' title='bbox 1579 2609 1580 2623; x_wconf 52' lang='lat'>¹</span> 
     </span>
     <span class='ocr_line' id='line_1_23' title="bbox 409 2705 1518 2805; baseline -0.007 -17"><span class='ocrx_word' id='word_1_183' title='bbox 409 2725 537 2788; x_wconf 90' lang='lat' dir='ltr'>Parisini</span> <span class='ocrx_word' id='word_1_184' title='bbox 563 2727 590 2787; x_wconf 99' lang='lat' dir='ltr'>A</span> <span class='ocrx_word' id='word_1_185' title='bbox 619 2727 845 2803; x_wconf 90' lang='lat' dir='ltr'>seripturarum,</span> <span class='ocrx_word' id='word_1_186' title='bbox 876 2746 953 2804; x_wconf 87' lang='lat' dir='ltr'>quas</span> <span class='ocrx_word' id='word_1_187' title='bbox 982 2728 1140 2805; x_wconf 82' lang='lat' dir='ltr'>Emperius</span> <span class='ocrx_word' id='word_1_188' title='bbox 1169 2705 1222 2788; x_wconf 82' lang='lat' dir='ltr'>aut</span> <span class='ocrx_word' id='word_1_189' title='bbox 1246 2727 1320 2788; x_wconf 85' lang='lat' dir='ltr'>false</span> <span class='ocrx_word' id='word_1_190' title='bbox 1347 2746 1385 2786; x_wconf 90' lang='lat' dir='ltr'>ex</span> <span class='ocrx_word' id='word_1_191' title='bbox 1407 2723 1518 2788; x_wconf 83' lang='lat' dir='ltr'>Morellii</span> 
     </span>
     <span class='ocr_line' id='line_1_24' title="bbox 410 2827 1520 2917; baseline -0.008 -27"><span class='ocrx_word' id='word_1_192' title='bbox 410 2829 542 2890; x_wconf 90' lang='lat' dir='ltr'>editione</span> <span class='ocrx_word' id='word_1_193' title='bbox 565 2830 664 2890; x_wconf 87' lang='lat' dir='ltr'>attulit</span> <span class='ocrx_word' id='word_1_194' title='bbox 686 2833 739 2889; x_wconf 88' lang='lat' dir='ltr'>aut</span> <span class='ocrx_word' id='word_1_195' title='bbox 761 2846 937 2917; x_wconf 88' lang='lat' dir='ltr'>enumerare</span> <span class='ocrx_word' id='word_1_196' title='bbox 961 2831 1080 2890; x_wconf 90' lang='lat' dir='ltr'>omnino</span> <span class='ocrx_word' id='word_1_197' title='bbox 1096 2831 1202 2904; x_wconf 90' lang='lat' dir='ltr'>omisit,</span> <span class='ocrx_word' id='word_1_198' title='bbox 1225 2829 1402 2890; x_wconf 85' lang='lat' dir='ltr'>mentionem</span> <span class='ocrx_word' id='word_1_199' title='bbox 1419 2827 1520 2886; x_wconf 83' lang='lat' dir='ltr'>faeiem.</span> 
     </span>
     <span class='ocr_line' id='line_1_25' title="bbox 410 2915 1520 3010; baseline -0.009 -16"><span class='ocrx_word' id='word_1_200' title='bbox 410 2935 487 2994; x_wconf 85' lang='lat' dir='ltr'>Sunt</span> <span class='ocrx_word' id='word_1_201' title='bbox 508 2935 584 2993; x_wconf 90' lang='lat' dir='ltr'>enim</span> <span class='ocrx_word' id='word_1_202' title='bbox 608 2934 678 2992; x_wconf 87' lang='lat' dir='ltr'>hae:</span> <span class='ocrx_word' id='word_1_203' title='bbox 707 2934 873 3008; x_wconf 83' lang='lat'>11180,3:</span> <span class='ocrx_word' id='word_1_204' title='bbox 896 2932 923 2992; x_wconf 99' lang='lat' dir='ltr'>A</span> <span class='ocrx_word' id='word_1_205' title='bbox 946 2925 1002 2990; x_wconf 81' lang='grc' dir='ltr'>καὶ</span> <span class='ocrx_word' id='word_1_206' title='bbox 1023 2917 1156 3008; x_wconf 78' lang='grc' dir='ltr'><strong><em>τρόπον</em></strong></span> <span class='ocrx_word' id='word_1_207' title='bbox 1178 2915 1271 3010; x_wconf 74' lang='grc' dir='ltr'><strong>ἡμᾶς,</strong></span> <span class='ocrx_word' id='word_1_208' title='bbox 1294 2933 1379 3009; x_wconf 77' lang='grc' dir='ltr'><strong><em>Ειπρ.</em></strong></span> <span class='ocrx_word' id='word_1_209' title='bbox 1401 2919 1520 3010; x_wconf 81' lang='grc' dir='ltr'><strong><em>τρόπον</em></strong></span> 
     </span>
     <span class='ocr_line' id='line_1_26' title="bbox 410 3021 1520 3117; baseline -0.006 -21"><span class='ocrx_word' id='word_1_210' title='bbox 410 3021 509 3117; x_wconf 79' lang='grc' dir='ltr'><strong>ἡμᾶς,</strong></span> <span class='ocrx_word' id='word_1_211' title='bbox 536 3038 705 3113; x_wconf 81' lang='lat' dir='ltr'>vss17,e:</span> <span class='ocrx_word' id='word_1_212' title='bbox 728 3038 754 3095; x_wconf 91' lang='grc' dir='ltr'>Α</span> <span class='ocrx_word' id='word_1_213' title='bbox 778 3030 834 3094; x_wconf 86' lang='grc' dir='ltr'>καὶ</span> <span class='ocrx_word' id='word_1_214' title='bbox 854 3029 979 3108; x_wconf 77' lang='grc' dir='ltr'><strong>εἴποτε,</strong></span> <span class='ocrx_word' id='word_1_215' title='bbox 1003 3037 1087 3112; x_wconf 83' lang='lat' dir='ltr'>Emp.</span> <span class='ocrx_word' id='word_1_216' title='bbox 1109 3028 1230 3115; x_wconf 83' lang='grc' dir='ltr'><strong>καὶεί,</strong></span> <span class='ocrx_word' id='word_1_217' title='bbox 1258 3034 1328 3100; x_wconf 91' lang='lat' dir='ltr'>Vlll</span> <span class='ocrx_word' id='word_1_218' title='bbox 1347 3039 1396 3112; x_wconf 88' lang='lat'>13,</span> <span class='ocrx_word' id='word_1_219' title='bbox 1410 3038 1441 3094; x_wconf 93' lang='lat'>8:</span> <span class='ocrx_word' id='word_1_220' title='bbox 1463 3033 1520 3091; x_wconf 82' lang='lat' dir='ltr'>llm·</span> 
     </span>
     <span class='ocr_line' id='line_1_27' title="bbox 411 3130 1520 3218; baseline -0.009 -17"><span class='ocrx_word' id='word_1_221' title='bbox 411 3141 512 3218; x_wconf 87' lang='lat' dir='ltr'>perine</span> <span class='ocrx_word' id='word_1_222' title='bbox 528 3139 664 3200; x_wconf 89' lang='lat' dir='ltr'>adnotat:</span> <span class='ocrx_word' id='word_1_223' title='bbox 681 3139 835 3200; x_wconf 81' lang='lat' dir='ltr'>VBOMA</span> <span class='ocrx_word' id='word_1_224' title='bbox 852 3130 1146 3218; x_wconf 74' lang='grc' dir='ltr'>ἐμπεπλησμένων,</span> <span class='ocrx_word' id='word_1_225' title='bbox 1170 3137 1322 3198; x_wconf 87' lang='lat' dir='ltr'>Morellius</span> <span class='ocrx_word' id='word_1_226' title='bbox 1337 3141 1433 3197; x_wconf 86' lang='lat' dir='ltr'>autern</span> <span class='ocrx_word' id='word_1_227' title='bbox 1448 3135 1520 3194; x_wconf 88' lang='lat' dir='ltr'>illam</span> 
     </span>
     <span class='ocr_line' id='line_1_28' title="bbox 411 3224 1522 3320; baseline -0.006 -17"><span class='ocrx_word' id='word_1_228' title='bbox 411 3244 590 3320; x_wconf 82' lang='lat' dir='ltr'>scripturum</span> <span class='ocrx_word' id='word_1_229' title='bbox 607 3243 705 3302; x_wconf 89' lang='lat' dir='ltr'>inesse</span> <span class='ocrx_word' id='word_1_230' title='bbox 721 3243 751 3302; x_wconf 91' lang='lat' dir='ltr'>in</span> <span class='ocrx_word' id='word_1_231' title='bbox 767 3243 903 3302; x_wconf 86' lang='lat' dir='ltr'>Parisino</span> <span class='ocrx_word' id='word_1_232' title='bbox 918 3241 945 3300; x_wconf 92' lang='lat' dir='ltr'>A</span> <span class='ocrx_word' id='word_1_233' title='bbox 961 3260 1021 3302; x_wconf 92' lang='lat' dir='ltr'>non</span> <span class='ocrx_word' id='word_1_234' title='bbox 1038 3240 1123 3316; x_wconf 86' lang='lat' dir='ltr'>dieit;</span> <span class='ocrx_word' id='word_1_235' title='bbox 1145 3241 1242 3300; x_wconf 93' lang='lat' dir='ltr'>XXXl</span> <span class='ocrx_word' id='word_1_236' title='bbox 1259 3243 1328 3318; x_wconf 82' lang='lat'>149,</span> <span class='ocrx_word' id='word_1_237' title='bbox 1345 3244 1375 3310; x_wconf 93' lang='lat'>1;</span> <span class='ocrx_word' id='word_1_238' title='bbox 1397 3240 1423 3299; x_wconf 96' lang='lat' dir='ltr'>A</span> <span class='ocrx_word' id='word_1_239' title='bbox 1447 3224 1522 3314; x_wconf 75' lang='grc' dir='ltr'><strong>ἄκρα</strong></span> 
     </span>
     <span class='ocr_line' id='line_1_29' title="bbox 411 3328 1522 3423; baseline -0.007 -19"><span class='ocrx_word' id='word_1_240' title='bbox 411 3341 491 3419; x_wconf 80' lang='grc' dir='ltr'><strong>τῶν,</strong></span> <span class='ocrx_word' id='word_1_241' title='bbox 517 3347 600 3423; x_wconf 82' lang='lat' dir='ltr'>Emp.</span> <span class='ocrx_word' id='word_1_242' title='bbox 624 3328 792 3422; x_wconf 78' lang='grc' dir='ltr'><strong><em>ἀκράτων.</em></strong></span> <span class='ocrx_word' id='word_1_243' title='bbox 837 3346 999 3405; x_wconf 86' lang='lat' dir='ltr'>Praeterea</span> <span class='ocrx_word' id='word_1_244' title='bbox 1026 3343 1131 3403; x_wconf 92' lang='lat' dir='ltr'>omittit</span> <span class='ocrx_word' id='word_1_245' title='bbox 1157 3344 1314 3420; x_wconf 83' lang='lat' dir='ltr'>Emporias</span> <span class='ocrx_word' id='word_1_246' title='bbox 1340 3343 1395 3402; x_wconf 88' lang='lat' dir='ltr'>has</span> <span class='ocrx_word' id='word_1_247' title='bbox 1422 3339 1522 3402; x_wconf 88' lang='lat' dir='ltr'>eodieis</span> 
     </span>
     <span class='ocr_line' id='line_1_30' title="bbox 411 3430 1522 3524; baseline -0.008 -15"><span class='ocrx_word' id='word_1_248' title='bbox 411 3448 537 3509; x_wconf 85' lang='lat' dir='ltr'>Parisini</span> <span class='ocrx_word' id='word_1_249' title='bbox 559 3447 586 3507; x_wconf 99' lang='lat' dir='ltr'>A</span> <span class='ocrx_word' id='word_1_250' title='bbox 609 3446 786 3524; x_wconf 81' lang='lat' dir='ltr'>scripturas:</span> <span class='ocrx_word' id='word_1_251' title='bbox 819 3448 902 3522; x_wconf 84' lang='lat'>152,</span> <span class='ocrx_word' id='word_1_252' title='bbox 924 3450 955 3506; x_wconf 93' lang='lat'>2:</span> <span class='ocrx_word' id='word_1_253' title='bbox 982 3435 1074 3523; x_wconf 82' lang='grc' dir='ltr'><strong><em>παρὰ</em></strong></span> <span class='ocrx_word' id='word_1_254' title='bbox 1096 3435 1158 3504; x_wconf 84' lang='grc' dir='ltr'>τὸν</span> <span class='ocrx_word' id='word_1_255' title='bbox 1181 3430 1346 3521; x_wconf 65' lang='grc' dir='ltr'><strong>Ἀλφειόν,</strong></span> <span class='ocrx_word' id='word_1_256' title='bbox 1376 3444 1522 3518; x_wconf 81' lang='lat'>11118,5:</span> 
     </span>
     <span class='ocr_line' id='line_1_31' title="bbox 411 3533 1522 3627; baseline -0.009 -17"><span class='ocrx_word' id='word_1_257' title='bbox 411 3543 493 3622; x_wconf 81' lang='grc' dir='ltr'><strong>οἵδε,</strong></span> <span class='ocrx_word' id='word_1_258' title='bbox 516 3552 559 3610; x_wconf 91' lang='lat' dir='ltr'>lll</span> <span class='ocrx_word' id='word_1_259' title='bbox 576 3554 625 3627; x_wconf 82' lang='grc'>75,</span> <span class='ocrx_word' id='word_1_260' title='bbox 641 3555 673 3612; x_wconf 87' lang='lat'>3:</span> <span class='ocrx_word' id='word_1_261' title='bbox 696 3534 812 3624; x_wconf 79' lang='grc' dir='ltr'><strong>αὐτοῦ,</strong></span> <span class='ocrx_word' id='word_1_262' title='bbox 836 3550 878 3608; x_wconf 89' lang='grc' dir='ltr'>ΙΙΙ</span> <span class='ocrx_word' id='word_1_263' title='bbox 894 3553 945 3625; x_wconf 88' lang='grc'>80,</span> <span class='ocrx_word' id='word_1_264' title='bbox 959 3554 992 3611; x_wconf 89' lang='lat'>4:</span> <span class='ocrx_word' id='word_1_265' title='bbox 1007 3536 1221 3627; x_wconf 77' lang='grc' dir='ltr'>ὑπενεγκεῖν,</span> <span class='ocrx_word' id='word_1_266' title='bbox 1243 3549 1285 3607; x_wconf 91' lang='grc' dir='ltr'>ΙΠ</span> <span class='ocrx_word' id='word_1_267' title='bbox 1303 3551 1373 3625; x_wconf 91' lang='grc'><strong>111,</strong></span> <span class='ocrx_word' id='word_1_268' title='bbox 1388 3552 1419 3608; x_wconf 93' lang='lat'>2:</span> <span class='ocrx_word' id='word_1_269' title='bbox 1440 3533 1522 3604; x_wconf 64' lang='lat' dir='ltr'>er&#39;e·</span> 
     </span>
     <span class='ocr_line' id='line_1_32' title="bbox 411 3637 1583 3731; baseline -0.001 -18"><span class='ocrx_word' id='word_1_270' title='bbox 411 3671 494 3731; x_wconf 84' lang='grc' dir='ltr'><strong>των,</strong></span> <span class='ocrx_word' id='word_1_271' title='bbox 517 3655 558 3712; x_wconf 94' lang='lat' dir='ltr'>lV</span> <span class='ocrx_word' id='word_1_272' title='bbox 574 3657 624 3730; x_wconf 94' lang='lat'>82,</span> <span class='ocrx_word' id='word_1_273' title='bbox 640 3659 672 3714; x_wconf 84' lang='lat'>6:</span> <span class='ocrx_word' id='word_1_274' title='bbox 696 3641 852 3731; x_wconf 79' lang='grc' dir='ltr'><em>συμφορὰ</em></span> <span class='ocrx_word' id='word_1_275' title='bbox 873 3638 1055 3730; x_wconf 78' lang='grc' dir='ltr'><strong>δαιμόνιος,</strong></span> <span class='ocrx_word' id='word_1_276' title='bbox 1079 3653 1104 3711; x_wconf 94' lang='lat' dir='ltr'>V</span> <span class='ocrx_word' id='word_1_277' title='bbox 1121 3656 1170 3728; x_wconf 91' lang='lat'>21,</span> <span class='ocrx_word' id='word_1_278' title='bbox 1186 3656 1218 3713; x_wconf 85' lang='lat'>5:</span> <span class='ocrx_word' id='word_1_279' title='bbox 1239 3641 1282 3711; x_wconf 82' lang='grc' dir='ltr'>τὰ</span> <span class='ocrx_word' id='word_1_280' title='bbox 1296 3644 1369 3729; x_wconf 85' lang='grc' dir='ltr'><strong>μέν,</strong></span> <span class='ocrx_word' id='word_1_281' title='bbox 1391 3649 1418 3709; x_wconf 86' lang='lat' dir='ltr'><strong>V</strong></span> <span class='ocrx_word' id='word_1_282' title='bbox 1434 3653 1482 3720; x_wconf 91' lang='lat'>22,</span> <span class='ocrx_word' id='word_1_283' title='bbox 1496 3651 1523 3706; x_wconf 80' lang='lat'>3:</span> <span class='ocrx_word' id='word_1_284' title='bbox 1581 3637 1583 3712; x_wconf 70' lang='lat' dir='ltr'>i</span> 
     </span>
     <span class='ocr_line' id='line_1_33' title="bbox 412 3739 1524 3832; baseline -0.007 -18"><span class='ocrx_word' id='word_1_285' title='bbox 412 3746 550 3832; x_wconf 78' lang='grc' dir='ltr'><strong>ἐξελών,</strong></span> <span class='ocrx_word' id='word_1_286' title='bbox 573 3757 613 3816; x_wconf 91' lang='lat' dir='ltr'>Vl</span> <span class='ocrx_word' id='word_1_287' title='bbox 628 3761 656 3832; x_wconf 88' lang='lat'>3,</span> <span class='ocrx_word' id='word_1_288' title='bbox 672 3759 704 3816; x_wconf 89' lang='lat'>5:</span> <span class='ocrx_word' id='word_1_289' title='bbox 727 3739 795 3832; x_wconf 84' lang='grc' dir='ltr'><strong>ὅτε,</strong></span> <span class='ocrx_word' id='word_1_290' title='bbox 819 3756 860 3815; x_wconf 95' lang='lat' dir='ltr'>Vl</span> <span class='ocrx_word' id='word_1_291' title='bbox 876 3758 925 3831; x_wconf 90' lang='grc'>39,</span> <span class='ocrx_word' id='word_1_292' title='bbox 941 3759 973 3817; x_wconf 89' lang='lat'>3:</span> <span class='ocrx_word' id='word_1_293' title='bbox 995 3743 1077 3832; x_wconf 83' lang='grc' dir='ltr'>μήτε</span> <span class='ocrx_word' id='word_1_294' title='bbox 1099 3748 1193 3813; x_wconf 85' lang='grc' dir='ltr'><strong><em>παισὶ</em></strong></span> <span class='ocrx_word' id='word_1_295' title='bbox 1215 3742 1297 3832; x_wconf 79' lang='grc' dir='ltr'>μήτε</span> <span class='ocrx_word' id='word_1_296' title='bbox 1321 3745 1468 3832; x_wconf 76' lang='grc' dir='ltr'><strong>γυναικί,</strong></span> <span class='ocrx_word' id='word_1_297' title='bbox 1489 3748 1524 3807; x_wconf 92' lang='lat' dir='ltr'>Vl</span> 
     </span>
     <span class='ocr_line' id='line_1_34' title="bbox 412 3844 1583 3936; baseline -0.009 -15"><span class='ocrx_word' id='word_1_298' title='bbox 412 3864 462 3936; x_wconf 79' lang='grc'>57,</span> <span class='ocrx_word' id='word_1_299' title='bbox 474 3864 505 3920; x_wconf 88' lang='lat'>5:</span> <span class='ocrx_word' id='word_1_300' title='bbox 519 3851 908 3935; x_wconf 79' lang='grc' dir='ltr'><strong><em>ὑποκατακλινομένους,</em></strong></span> <span class='ocrx_word' id='word_1_301' title='bbox 932 3860 971 3918; x_wconf 89' lang='lat' dir='ltr'>Vl</span> <span class='ocrx_word' id='word_1_302' title='bbox 989 3862 1039 3936; x_wconf 85' lang='lat'>58,</span> <span class='ocrx_word' id='word_1_303' title='bbox 1051 3863 1083 3920; x_wconf 87' lang='lat'>3:</span> <span class='ocrx_word' id='word_1_304' title='bbox 1101 3844 1223 3928; x_wconf 68' lang='grc' dir='ltr'><strong>ἄλλως,</strong></span> <span class='ocrx_word' id='word_1_305' title='bbox 1246 3857 1300 3916; x_wconf 93' lang='lat' dir='ltr'>Vll</span> <span class='ocrx_word' id='word_1_306' title='bbox 1317 3861 1367 3934; x_wconf 85' lang='lat'>62,</span> <span class='ocrx_word' id='word_1_307' title='bbox 1379 3860 1411 3918; x_wconf 80' lang='lat' dir='ltr'>d:</span> <span class='ocrx_word' id='word_1_308' title='bbox 1427 3847 1524 3934; x_wconf 78' lang='grc' dir='ltr'><strong>μενῶ,</strong></span> <span class='ocrx_word' id='word_1_309' title='bbox 1581 3887 1583 3912; x_wconf 78' lang='lat'>1</span> 
     </span>
     <span class='ocr_line' id='line_1_35' title="bbox 412 3919 1583 4040; baseline -0.01 -17"><span class='ocrx_word' id='word_1_310' title='bbox 412 3963 597 4040; x_wconf 87' lang='lat' dir='ltr'>v11113,e:</span> <span class='ocrx_word' id='word_1_311' title='bbox 621 3955 901 4040; x_wconf 80' lang='grc' dir='ltr'><strong>διατετμημένων,</strong></span> <span class='ocrx_word' id='word_1_312' title='bbox 928 3961 999 4020; x_wconf 90' lang='lat' dir='ltr'>Vlll</span> <span class='ocrx_word' id='word_1_313' title='bbox 1015 3965 1065 4036; x_wconf 94' lang='lat'>32,</span> <span class='ocrx_word' id='word_1_314' title='bbox 1081 3965 1112 4021; x_wconf 81' lang='lat' dir='ltr'>i:</span> <span class='ocrx_word' id='word_1_315' title='bbox 1138 3955 1273 4038; x_wconf 77' lang='grc' dir='ltr'>μείνειε,</span> <span class='ocrx_word' id='word_1_316' title='bbox 1303 3961 1330 4019; x_wconf 93' lang='lat' dir='ltr'>X</span> <span class='ocrx_word' id='word_1_317' title='bbox 1347 3963 1465 4036; x_wconf 89' lang='lat'>11,11:</span> <span class='ocrx_word' id='word_1_318' title='bbox 1485 3949 1524 4033; x_wconf 75' lang='grc' dir='ltr'>γε’·</span> <span class='ocrx_word' id='word_1_319' title='bbox 1581 3919 1583 3980; x_wconf 61' lang='lat' dir='ltr'>A</span> 
     </span>
     <span class='ocr_line' id='line_1_36' title="bbox 411 4052 1583 4144; baseline -0.005 -21"><span class='ocrx_word' id='word_1_320' title='bbox 411 4082 519 4144; x_wconf 87' lang='grc' dir='ltr'><strong>νεται,</strong></span> <span class='ocrx_word' id='word_1_321' title='bbox 548 4067 575 4125; x_wconf 96' lang='lat' dir='ltr'>X</span> <span class='ocrx_word' id='word_1_322' title='bbox 592 4068 642 4142; x_wconf 90' lang='lat'>28,</span> <span class='ocrx_word' id='word_1_323' title='bbox 657 4070 689 4126; x_wconf 92' lang='lat'>8:</span> <span class='ocrx_word' id='word_1_324' title='bbox 711 4059 768 4124; x_wconf 86' lang='grc' dir='ltr'>καὶ</span> <span class='ocrx_word' id='word_1_325' title='bbox 789 4055 852 4123; x_wconf 83' lang='grc' dir='ltr'>τὸν</span> <span class='ocrx_word' id='word_1_326' title='bbox 868 4052 1030 4139; x_wconf 66' lang='grc' dir='ltr'><strong>Ἀπόλλω,</strong></span> <span class='ocrx_word' id='word_1_327' title='bbox 1060 4065 1165 4139; x_wconf 84' lang='grc' dir='ltr'><strong>ΧΙ18,</strong></span> <span class='ocrx_word' id='word_1_328' title='bbox 1183 4066 1235 4122; x_wconf 89' lang='lat'>11:</span> <span class='ocrx_word' id='word_1_329' title='bbox 1257 4056 1347 4140; x_wconf 79' lang='grc' dir='ltr'><strong>περί,</strong></span> <span class='ocrx_word' id='word_1_330' title='bbox 1376 4063 1420 4121; x_wconf 89' lang='grc' dir='ltr'>ΧΙ</span> <span class='ocrx_word' id='word_1_331' title='bbox 1436 4066 1484 4131; x_wconf 88' lang='grc'><strong>23,</strong></span> <span class='ocrx_word' id='word_1_332' title='bbox 1499 4063 1525 4117; x_wconf 86' lang='lat'>5:</span> <span class='ocrx_word' id='word_1_333' title='bbox 1581 4067 1583 4118; x_wconf 69' lang='grc' dir='ltr'><strong><em>ὲ</em></strong></span> 
     </span>
     <span class='ocr_line' id='line_1_37' title="bbox 413 4151 1525 4245; baseline -0.008 -18"><span class='ocrx_word' id='word_1_334' title='bbox 413 4163 512 4240; x_wconf 78' lang='grc' dir='ltr'><strong>ἰαστί,</strong></span> <span class='ocrx_word' id='word_1_335' title='bbox 534 4170 576 4229; x_wconf 95' lang='lat' dir='ltr'>Xl</span> <span class='ocrx_word' id='word_1_336' title='bbox 598 4173 647 4242; x_wconf 89' lang='grc'><strong>30,</strong></span> <span class='ocrx_word' id='word_1_337' title='bbox 659 4173 690 4230; x_wconf 85' lang='grc'>6;</span> <span class='ocrx_word' id='word_1_338' title='bbox 705 4162 762 4226; x_wconf 87' lang='grc' dir='ltr'>καὶ</span> <span class='ocrx_word' id='word_1_339' title='bbox 776 4152 861 4245; x_wconf 73' lang='grc' dir='ltr'><strong>μεθ’,</strong></span> <span class='ocrx_word' id='word_1_340' title='bbox 885 4168 924 4226; x_wconf 89' lang='lat' dir='ltr'>Xl</span> <span class='ocrx_word' id='word_1_341' title='bbox 941 4171 991 4242; x_wconf 83' lang='lat'>30,</span> <span class='ocrx_word' id='word_1_342' title='bbox 1004 4170 1035 4227; x_wconf 76' lang='lat'>7:</span> <span class='ocrx_word' id='word_1_343' title='bbox 1051 4151 1265 4245; x_wconf 82' lang='grc' dir='ltr'><strong>διηγήματος,</strong></span> <span class='ocrx_word' id='word_1_344' title='bbox 1287 4166 1330 4224; x_wconf 94' lang='lat' dir='ltr'>Xl</span> <span class='ocrx_word' id='word_1_345' title='bbox 1346 4169 1395 4236; x_wconf 83' lang='lat'>83,</span> <span class='ocrx_word' id='word_1_346' title='bbox 1409 4168 1442 4223; x_wconf 82' lang='lat'>9:</span> <span class='ocrx_word' id='word_1_347' title='bbox 1456 4179 1525 4242; x_wconf 83' lang='grc' dir='ltr'><strong><em>τρυ-</em></strong></span> 
     </span>
     <span class='ocr_line' id='line_1_38' title="bbox 413 4256 1525 4349; baseline -0.01 -17"><span class='ocrx_word' id='word_1_348' title='bbox 413 4266 488 4349; x_wconf 75' lang='grc' dir='ltr'><strong>φῆς,</strong></span> <span class='ocrx_word' id='word_1_349' title='bbox 510 4272 553 4331; x_wconf 95' lang='lat' dir='ltr'>XI</span> <span class='ocrx_word' id='word_1_350' title='bbox 569 4275 618 4344; x_wconf 90' lang='grc'><strong>68,</strong></span> <span class='ocrx_word' id='word_1_351' title='bbox 634 4276 666 4333; x_wconf 90' lang='lat'>3:</span> <span class='ocrx_word' id='word_1_352' title='bbox 687 4264 896 4348; x_wconf 73' lang='grc' dir='ltr'><strong>Ῥυνδαρέων,</strong></span> <span class='ocrx_word' id='word_1_353' title='bbox 919 4269 961 4330; x_wconf 96' lang='lat' dir='ltr'>Xl</span> <span class='ocrx_word' id='word_1_354' title='bbox 977 4272 1028 4346; x_wconf 90' lang='lat'>80,</span> <span class='ocrx_word' id='word_1_355' title='bbox 1044 4274 1076 4330; x_wconf 90' lang='lat'>3:</span> <span class='ocrx_word' id='word_1_356' title='bbox 1099 4260 1242 4343; x_wconf 78' lang='grc' dir='ltr'><strong>ἐκείνου,</strong></span> <span class='ocrx_word' id='word_1_357' title='bbox 1264 4267 1306 4328; x_wconf 96' lang='lat' dir='ltr'>Xl</span> <span class='ocrx_word' id='word_1_358' title='bbox 1323 4270 1392 4340; x_wconf 86' lang='grc'><strong>139,</strong></span> <span class='ocrx_word' id='word_1_359' title='bbox 1411 4271 1463 4330; x_wconf 89' lang='lat'>10:</span> <span class='ocrx_word' id='word_1_360' title='bbox 1484 4256 1525 4322; x_wconf 81' lang='grc' dir='ltr'>ἐκ·</span> 
     </span>
     <span class='ocr_line' id='line_1_39' title="bbox 413 4354 1525 4454; baseline -0.007 -22"><span class='ocrx_word' id='word_1_361' title='bbox 413 4372 535 4446; x_wconf 76' lang='grc' dir='ltr'>λιπεῖν,</span> <span class='ocrx_word' id='word_1_362' title='bbox 563 4375 604 4434; x_wconf 94' lang='lat' dir='ltr'>Xl</span> <span class='ocrx_word' id='word_1_363' title='bbox 621 4377 691 4451; x_wconf 85' lang='grc'><strong>144,</strong></span> <span class='ocrx_word' id='word_1_364' title='bbox 706 4378 738 4435; x_wconf 90' lang='lat'>4:</span> <span class='ocrx_word' id='word_1_365' title='bbox 762 4357 915 4431; x_wconf 75' lang='grc' dir='ltr'><strong><em>ἀπὸτοῦ</em></strong></span> <span class='ocrx_word' id='word_1_366' title='bbox 939 4359 1105 4449; x_wconf 79' lang='grc' dir='ltr'><strong>Πριάμου,</strong></span> <span class='ocrx_word' id='word_1_367' title='bbox 1135 4372 1204 4430; x_wconf 93' lang='lat' dir='ltr'>Xlll</span> <span class='ocrx_word' id='word_1_368' title='bbox 1221 4373 1270 4448; x_wconf 92' lang='grc'>25,</span> <span class='ocrx_word' id='word_1_369' title='bbox 1287 4374 1319 4431; x_wconf 90' lang='lat'>2:</span> <span class='ocrx_word' id='word_1_370' title='bbox 1342 4354 1360 4428; x_wconf 82' lang='grc' dir='ltr'>ὅ</span> <span class='ocrx_word' id='word_1_371' title='bbox 1383 4387 1434 4454; x_wconf 72' lang='grc' dir='ltr'><strong>γε,</strong></span> <span class='ocrx_word' id='word_1_372' title='bbox 1464 4367 1525 4430; x_wconf 93' lang='lat' dir='ltr'>Xlll</span> 
     </span>
    </p>
   </div>
   <div class='ocr_carea' id='block_1_6' title="bbox 0 0 1621 5044">
    <p class='ocr_par' dir='ltr' id='par_1_9' title="bbox 0 0 1621 5044">
     <span class='ocr_line' id='line_1_40' title="bbox 0 0 1621 5044; baseline 0 0"><span class='ocrx_word' id='word_1_373' title='bbox 0 0 1621 5044; x_wconf 95' lang='lat' dir='ltr'> </span> 
     </span>
    </p>
   </div>
  </div>
 </body>
</html>
