3216 5044
814 1427 925 1508 Pers
957 1427 1117 1510 ultore.

491 1640 615 1698 Praeter
638 1637 774 1697 meliores
796 1641 887 1714 atquc
910 1637 1074 1698 deteriores
1098 1639 1202 1698 Dionis
1221 1640 1424 1716 Chrysostomi
1447 1642 1523 1701 codi-

406 1759 464 1816 ces,
488 1739 650 1815 dequibus
672 1738 703 1799 in
726 1739 823 1816 prims
845 1738 1064 1799 dissertationis
1087 1743 1172 1815 perte
1195 1740 1251 1817 egi,
1273 1741 1429 1817 Emporius
1450 1741 1524 1802 duos

406 1847 562 1903 enumerat
578 1841 670 1900 libros
686 1860 774 1901 mann
791 1842 927 1918 scriptos,
950 1841 1116 1900 Parisinum
1134 1844 1216 1903 2958
1237 1840 1286 1914 (Β)
1308 1848 1399 1919 atque
1414 1845 1526 1904 Medio·

406 1946 557 2005 lunensem
582 1941 641 2016 (L),
671 1943 709 2003 de
735 1943 843 2019 quibus
870 1943 944 2002 haec
972 1941 1088 2016 dioit¹):
1125 1945 1283 2022 „Denique
1308 1949 1378 2003 sunt
1405 1947 1525 2022 quidem

405 2049 474 2108 libri
501 2047 657 2123 utriusque
685 2045 805 2123 generis
831 2049 982 2122 tamqnam
1005 2045 1103 2117 medii,
1131 2047 1181 2122 qui
1208 2047 1245 2106 sb
1268 2045 1367 2122 aliquo
1390 2049 1529 2126 exemplo

406 2150 535 2210 derivari
558 2148 700 2208 ridentur
728 2166 744 2208 e
767 2148 870 2208 codice
893 2148 1002 2208 diversi
1025 2149 1145 2224 generis
1168 2154 1317 2224 correct03
1345 2150 1413 2208 telis
1436 2157 1485 2212 est
1508 2154 1530 2210 B
1579 2136 1580 2182 ¹

405 2251 581 2326 (Parisinus)
598 2254 627 2310 et
642 2250 667 2309 L
683 2249 973 2327 (Mediolanensis)“;
997 2256 1154 2328 praeterea
1176 2250 1287 2312 codicis
1302 2253 1326 2311 B
1346 2254 1530 2314 mentionem
1580 2224 1581 2290 i

404 2357 519 2415 faciens
541 2354 665 2431 exponit
680 2349 797 2428 haec²):
824 2351 937 2425 „codex
952 2354 1008 2412 iste
1031 2352 1147 2412 medius
1167 2359 1213 2413 est
1235 2353 1457 2430 quodammodo
1484 2356 1532 2416 de·
1582 2397 1583 2454 1

405 2459 524 2518 terioris
547 2461 577 2517 et
599 2457 728 2516 melioris
747 2455 896 2532 generis“.
940 2457 987 2516 Ex
1009 2457 1055 2515 his
1078 2456 1278 2533 intellegimus
1296 2457 1396 2516 verbis
1421 2459 1533 2519 mixtos
1583 2483 1584 2540 r

406 2561 577 2636 Emperium
601 2563 706 2635 putare
729 2558 784 2618 hos
800 2558 928 2619 codices.
971 2559 1058 2618 Hunc
1078 2557 1158 2618 docti
1174 2559 1256 2618 iliius
1272 2561 1327 2619 viri
1346 2564 1534 2622 sententium

405 2658 603 2738 Hilgersinsi)
626 2660 764 2722 refellere
787 2660 898 2738 studet,
920 2662 971 2737 qui
995 2663 1024 2720 in
1048 2660 1153 2738 quintu
1175 2661 1393 2721 dissertationis
1418 2665 1537 2740 pagina

406 2763 443 2824 de
470 2763 621 2823 codicibus
647 2763 890 2823 Meermenninno
913 2764 942 2821 M
970 2768 1061 2839 utque
1082 2763 1220 2822 Parisino
1241 2764 1265 2822 B
1291 2781 1385 2840 agens
1414 2766 1540 2841 profert

405 2866 490 2925 haec:
524 2864 637 2938 „Quum
660 2867 698 2925 ob
722 2884 783 2925 rem
807 2867 917 2942 nescio,
944 2885 982 2925 un
1005 2884 1066 2926 non
1095 2884 1155 2942 quo
1177 2866 1242 2925 iure
1269 2866 1428 2942 Emporius
1452 2869 1539 2929 codi-

406 2985 469 3026 ccm
493 2966 574 3025 Min
598 2967 750 3027 meliorum
774 2966 917 3026 librorum
941 2965 1047 3026 ordine
1070 2967 1176 3042 posuit,
1205 2965 1309 3026 eodem
1332 2966 1363 3026 iu
1387 2985 1425 3026 eo
1451 2968 1541 3028 codi-

405 3087 468 3129 cem
482 3070 505 3128 B
521 3069 668 3129 collocare
684 3067 841 3146 potuerit.“
881 3070 1054 3130 Arbitrutur
1069 3069 1159 3145 igitur
1175 3068 1341 3146 Hilgersius
1359 3069 1504 3129 codicem
1519 3072 1543 3129 B

405 3172 434 3230 in
458 3171 611 3231 meliorum
636 3171 777 3232 librorum
801 3189 926 3231 numero
949 3188 1024 3231 esse.
1068 3170 1160 3231 Cuius
1182 3172 1239 3230 viri
1266 3171 1399 3246 opinioni
1429 3172 1456 3230 si
1488 3172 1544 3230 ad·

405 3275 559 3349 sentimur,
573 3275 602 3333 iu
616 3273 809 3335 restituendis
821 3275 962 3351 genuinis
976 3274 1130 3351 urchetypi
1142 3272 1318 3333 lectionibus
1333 3273 1427 3348 longe
1441 3274 1545 3334 alium

405 3377 526 3437 criticae
548 3379 621 3437 artis
643 3377 721 3435 rium
750 3394 804 3437 nos
826 3375 941 3452 ingredi
968 3394 1093 3436 necesse
1116 3394 1182 3436 esse
1210 3380 1348 3452 apparet.
1388 3377 1440 3434 Ex
1469 3378 1546 3435 Em-

405 3479 481 3557 perii
497 3480 575 3539 enim
591 3479 737 3540 sententis
760 3496 863 3539 omnes
879 3478 998 3539 codices
1014 3479 1120 3539 Dionei
1140 3478 1169 3537 in
1185 3478 1244 3538 trie
1262 3477 1445 3537 secernendi
1465 3485 1549 3538 sunt

404 3599 529 3660 genere:
552 3584 582 3642 in
606 3583 752 3653 meliores,
775 3581 947 3658 deteriores,
970 3583 1076 3641 mixtos
1099 3581 1200 3651 iibros;
1224 3580 1404 3657 Hilgersium
1431 3586 1549 3640 antem

405 3685 430 3744 si
446 3687 610 3762 sequimur,
633 3685 797 3745 deteriores
813 3689 927 3745 tuntum
945 3689 1036 3762 atque
1052 3684 1188 3744 meliores
1204 3687 1322 3743 exstant
1335 3682 1414 3742 libri.
1456 3685 1492 3742 N
1497 3702 1551 3743 nm

405 3807 471 3848 cum
491 3788 722 3848 Mediolanensis
737 3789 763 3848 L
777 3819 821 3828 -
835 3789 860 3847 si
881 3786 1019 3864 Emperio
1040 3786 1129 3846 fidem
1151 3785 1365 3845 tribuimus-
1379 3786 1554 3845 artissima

405 3891 550 3952 affinitate
573 3910 640 3952 cum
656 3892 798 3952 codiceB
821 3891 999 3951 coniunctus
1013 3891 1060 3966 sit,
1082 3891 1169 3950 etiam
1186 3889 1233 3948 hic
1255 3888 1331 3949 liber
1353 3888 1555 3950 melioribus

490 4077 512 4140 ¹)
529 4071 617 4142 prees.
636 4089 663 4141 p.
675 4072 716 4126 IX
733 4075 748 4140 ᾗ
766 4077 789 4126 5.

489 4161 513 4225 ²)
531 4157 617 4227 praef.
635 4175 664 4227 p.
675 4157 744 4211 XIV
758 4153 775 4228 ξ
787 4161 828 4211 27.

490 4246 513 4312 8)
530 4243 563 4296 In
579 4243 676 4298 Dionis
693 4243 884 4313 chrysostomi
901 4242 1053 4297 orationem
1066 4240 1285 4296 Alexandrinum
1303 4242 1560 4312 observationes,

404 4329 518 4384 Bonnse
538 4333 611 4383 1851.
