3216 5044
387 409 428 468 60

388 575 547 651 Emporias
567 573 732 635 deteriores
754 573 890 651 seqnitur
909 573 1036 650 oodioes,
1056 571 1229 634 Diodoriius
1245 575 1393 635 meliores.
1424 575 1519 651 Equi·

388 675 455 736 dem
482 675 638 736 Dindorfio
667 675 724 735 boe
749 675 815 736 loeo
837 675 1000 752 assentior,
1032 674 1114 751 quod
1144 675 1185 735 illi
1211 674 1408 736 enuntiationi
1442 677 1521 736 haee

388 776 562 856 respondet:
586 763 653 835 ἀπὸ
669 765 807 854 μὲνγὰρ
823 772 887 834 τοῦ
902 765 1060 853 πλήθους
1076 764 1308 851 φυλάττεσθαι
1328 783 1400 848 τοῖς
1416 771 1519 855 δορυ·
1598 855 1599 858 ¹

389 868 520 958 φόροις,
552 862 678 937 ἀπὸδὲ
705 874 777 937 τῶν
798 866 1000 957 δορυφόρων
1009 876 1031 950 ¹)
1059 863 1243 956 εὐνούχοις.
1287 880 1322 939 In
1346 881 1521 956 posteriore

389 987 485 1042 autem
510 982 573 1041 eius
595 981 738 1041 enuntiati
763 980 906 1040 membro:
931 965 998 1039 οίπό
1022 972 1057 1040 δὲ
1079 976 1150 1039 τῶν
1173 971 1376 1060 δορυφόρων
1397 966 1519 1040 εὐνού-

387 1101 459 1163 χοις
478 1084 601 1144 verbnm
618 1073 848 1158 φυλάττεσθαι
870 1083 1107 1144 subaudiendum
1124 1087 1177 1160 est,
1200 1103 1290 1161 qoam
1307 1084 1422 1145 obrem
1448 1104 1522 1162 per·
1599 1127 1600 1156 p

382 1204 510 1247 suasum
538 1185 633 1246 babeo
665 1185 753 1244 etiam
783 1186 812 1244 in
841 1186 941 1263 priore
964 1184 1013 1244 illa
1041 1185 1244 1246 enuntiatione
1274 1205 1334 1247 non
1362 1184 1431 1258 duo,
1466 1186 1522 1248 sed

391 1309 482 1352 unam
506 1307 524 1348 a
546 1288 643 1349 Dione
666 1289 810 1365 seriptum
832 1286 924 1348 inisse
947 1287 1080 1348 verbum.

477 1408 527 1470 Or.
543 1408 599 1468 Vll
621 1411 671 1485 36,
691 1411 723 1468 3:
754 1390 837 1466 ὥστε
864 1423 921 1484 μοι
944 1401 1039 1466 δοκεῖ
1061 1401 1192 1484 μᾶλλον
1214 1396 1348 1485 ἑτέρους
1373 1403 1524 1486 προτρὲ-
1600 1461 1601 1486 ,

390 1525 467 1570 πειν
488 1556 494 1568 .
519 1554 526 1566 .
551 1555 558 1568 .
584 1554 590 1567 .
615 1498 814 1586 ἐργάζεσθαι
836 1506 894 1588 τῆς
909 1502 1068 1588 δημοσίας
1089 1505 1149 1588 γῆς
1170 1495 1412 1583 ἀπολαβόντας,
1439 1501 1525 1581 τούς
1600 1491 1601 1494 ¹

390 1606 451 1690 μὲν
473 1596 631 1689 ἀφορμήν
645 1626 722 1669 τινα
737 1600 875 1687 ἔχοντας
896 1606 952 1669 καὶ
968 1604 1086 1684 πλείω,
1108 1599 1188 1682 τούς
1203 1604 1240 1671 δὲ
1254 1603 1406 1691 πένητας,
1433 1599 1525 1691 ὅσην

392 1702 435 1774 ἂν
459 1705 597 1784 ἕκαστος
618 1693 639 1789 ᾗ
662 1703 812 1783 δυνατός.

478 1818 550 1877 Eam
573 1815 750 1893 scripturam
779 1819 809 1876 et
831 1817 990 1892 Emporias
1014 1821 1043 1876 et
1064 1815 1236 1878 Dindorfius
1259 1816 1353 1877 seouti
1381 1816 1525 1878 eodioem

393 1922 602 1981 Monaeensem
619 1919 647 1978 N
664 1924 694 1978 et
709 1917 868 1980 editionem
881 1919 1025 1979 Venetam
1041 1918 1071 1979 in
1087 1923 1199 1980 textum
1215 1923 1406 1997 r·eoeperunt;
1434 1923 1524 1998 eqni-

393 2023 460 2084 dem
490 2025 589 2082 autern
620 2020 738 2082 eodioes
763 2019 957 2099 HPeMbB,
987 2023 1037 2099 qui
1068 2022 1210 2083 exhibent
1236 2015 1343 2081 πλείω
1372 2040 1429 2100 pro
1464 2017 1525 2082 καὶ

393 2119 512 2196 πλείω,
538 2121 753 2202 praeferendos
776 2141 842 2184 esse
865 2141 982 2185 censeo.
1025 2125 1101 2184 Nam
1129 2143 1196 2185 eum
1220 2142 1325 2185 sensus
1347 2124 1438 2184 huius
1464 2125 1525 2186 toei

393 2227 442 2287 bie
464 2225 528 2287 iere
550 2226 600 2285 sit:
632 2225 780 2295 „arbitror
807 2227 881 2287 alios
903 2244 959 2286 vos
982 2226 1135 2288 adhortari
1158 2226 1277 2304 debere,
1304 2230 1338 2287 ut
1358 2234 1527 2306 aeoeptum

393 2348 499 2407 agrum
526 2329 676 2406 pubiicum
705 2329 815 2407 eolant,
845 2333 875 2389 et
902 2346 952 2389 eos
980 2328 1109 2406 quidem,
1140 2328 1248 2407 quibus
1271 2329 1415 2407 pecuniae
1441 2336 1528 2408 sunt,

394 2431 534 2492 maiorem
558 2433 683 2509 partem,
705 2448 855 2509 pauperes
878 2435 987 2509 autem,
1009 2436 1153 2509 qnantum
1169 2430 1298 2509 quisque
1317 2430 1444 2509 poesit“,
1470 2452 1528 2494 our

360 2533 365 2543 '
394 2534 544 2613 particula
566 2527 623 2592 καί
646 2534 690 2594 vis
713 2532 850 2594 adieetiri
866 2527 975 2592 πλείω
997 2538 1153 2612 augeatur,
1175 2535 1324 2595 nonsatis
1341 2553 1454 2596 eaesae
1471 2543 1528 2597 est.

481 2649 532 2711 Or.
547 2651 603 2710 VII
621 2655 689 2725 111,
707 2657 738 2712 1:
761 2682 802 2691 -
825 2635 863 2721 ἅς
884 2667 921 2728 γε
943 2641 1005 2730 τὴν
1021 2635 1125 2730 ἀρχὴν
1146 2645 1228 2730 μηδὲ
1250 2643 1402 2729 ἐργασίας
1423 2641 1528 2732 τόγε

395 2741 505 2833 ὀρθὸν
531 2751 660 2813 καλεῖν·
691 2739 734 2812 ου’
762 2744 824 2834 γὰρ
855 2742 897 2813 ἄν
922 2771 1007 2813 ποτε
1030 2737 1178 2824 Ἡσίοδος
1208 2743 1365 2830 ἐπῄνεσεν
1393 2737 1529 2832 ὁμοίως
1604 2779 1605 2782 “

394 2854 464 2916 πᾶν
487 2846 595 2935 ἔργον,
625 2850 653 2914 εἰ
679 2853 751 2915 τῶν
773 2853 936 2935 πονηρῶν
961 2843 981 2936 ἢ
1006 2853 1077 2914 τῶν
1100 2848 1246 2934 αἰσχρῶν
1272 2841 1369 2934 ἠξίου
1395 2846 1529 2937 ταύτης

395 2958 452 3038 τῆς
478 2954 715 3041 προσηγορίας·
747 2948 797 3031 οἷς
824 2954 885 3038 μὲν
913 2939 975 3019 οὖν
1002 2946 1044 3019 ἄν
1071 2976 1122 3030 τις
1150 2957 1261 3038 προσῇ
1286 2949 1419 3019 τούτων
1452 2957 1530 3020 τῶν

395 3060 531 3138 βλαβῶν
555 3058 611 3122 καί
633 3047 782 3144 ἡτισοῦν.

481 3166 606 3256 Qodioes
627 3166 684 3227 (ibi
711 3167 891 3245 scripturam
915 3167 1056 3228 exhibent
1078 3153 1128 3238 οἷς
1149 3159 1221 3243 μέν,
1249 3185 1338 3243 quam
1362 3170 1392 3226 et
1413 3166 1531 3244 Empe·

394 3271 458 3332 rius
481 3277 511 3331 et
526 3269 699 3331 Dindorfius
721 3272 751 3331 in
768 3271 881 3331 textum
899 3275 1086 3348 receperunt.
1130 3272 1163 3330 In
1181 3270 1331 3331 eodieibus
1346 3274 1448 3330 autem
1465 3272 1529 3331 BN

396 3383 426 3434 et
453 3375 483 3434 in
506 3373 636 3435 editione
660 3375 776 3434 Veneta
803 3392 858 3451 pro
887 3360 937 3444 οἷς
962 3365 1023 3450 μέν
1055 3374 1181 3451 legimns
1208 3359 1259 3443 αίς
1280 3364 1351 3450 μέν,
1378 3372 1407 3431 id
1440 3374 1530 3450 qnod

397 3479 551 3541 meliorum
582 3479 724 3540 librorum
758 3477 880 3539 leetioni
914 3477 1144 3555 praeferendum
1176 3494 1241 3537 esse
1276 3493 1393 3535 oenseo.
1445 3477 1528 3536 Nam

397 3601 577 3661 quamquem
606 3601 644 3642 ex
667 3580 858 3642 antecedenti
881 3581 1086 3641 enuntiatione
1112 3579 1150 3638 ad
1178 3578 1261 3639 iilum
1283 3596 1450 3655 pronomen
1477 3565 1530 3650 οἷς

398 3684 618 3746 substantivum
643 3675 751 3763 ἔργοις
781 3682 936 3744 subaudiri
966 3686 1074 3760 potest,
1104 3683 1155 3741 ilia
1184 3687 1282 3741 tamen
1315 3681 1529 3756 interpretatio

398 3795 561 3867 propterea
594 3808 654 3849 non
688 3794 759 3866 apta
792 3787 862 3847 mibi
885 3786 1003 3847 videtur
1036 3803 1109 3857 esse,
1144 3784 1223 3863 quod
1257 3784 1335 3874 Dion
1368 3783 1399 3842 in
1431 3802 1530 3861 para·

399 3896 521 3974 graphio
543 3898 602 3956 109
624 3898 653 3954 et
676 3897 736 3955 110
759 3892 795 3953 de
819 3893 861 3952 eis
883 3890 979 3951 fusius
1007 3890 1069 3966 agit
1091 3888 1191 3961 rebus,
1218 3904 1293 3963 quas
1315 3887 1451 3947 nominat
1476 3879 1530 3964 ἑρ-

486 4115 509 4181 1)
532 4110 716 4166 Sebenkelins
734 4109 862 4178 (Wiener
880 4105 1007 4173 Studien,
1027 4110 1099 4173 1880,
1117 4105 1172 4160 vol.
1184 4103 1211 4157 li
1229 4120 1255 4174 p.
1272 4102 1331 4174 148)
1349 4099 1530 4156 eoneinnita-

401 4201 438 4256 tis
456 4201 565 4270 legibus
582 4202 727 4269 permotus
745 4197 804 4251 iure
822 4212 874 4264 pro
892 4186 1040 4262 εὐνούχοις
1057 4191 1153 4246 scribit
1169 4198 1230 4256 τοῖς
1248 4183 1403 4260 εὐνούχοις.

487 4305 509 4365 ²)
533 4302 565 4355 ln
585 4300 682 4356 codiee
700 4301 726 4354 M
744 4295 795 4354 καὶ
815 4303 878 4352 ante
895 4295 986 4352 πλείω
1006 4312 1039 4362 „a
1056 4297 1228 4351 oorreetore¹⁸
1246 4299 1290 4348 est
1306 4291 1447 4360 additum
1477 4291 1531 4348 sed

402 4388 507 4457 confer,
526 4401 597 4457 quas
615 4388 643 4448 in
662 4385 842 4442 adnotatione
861 4389 875 4438 2
894 4382 929 4438 ad
947 4399 975 4456 p.
989 4387 1019 4437 51
1040 4378 1165 4457 exposui.
