3216 5044
365 372 406 429 50

363 537 501 598 cesserit:
529 520 630 594 οὐδὲν
652 523 773 593 κωλύει
796 524 908 594 πάντα
934 527 996 612 μὲν
1018 519 1208 613 ἀνθρώπον
1231 581 1237 593 .
1263 578 1270 593 .
1295 579 1302 592 .
1326 528 1498 613 οἴχεσθαι.

364 625 570 718 ἀνθρώπους
598 657 676 700 corr.
699 640 738 715 R,
769 657 829 716 qua
858 638 1044 699 correctione
1072 657 1131 698 non
1158 657 1341 715 magnopere
1372 640 1499 701 invatur

362 745 519 804 sententia.
572 744 712 803 Fortasse
746 741 823 802 fuit:·
844 730 957 800 πάντα
988 735 1049 818 μὲν
1081 726 1239 819 οὐρανόν,
1271 742 1352 820 qnod
1388 723 1500 803 ‹infor›

363 845 507 924 scriptum
532 850 562 905 et
585 864 651 905 cum
669 826 760 904 ᾖον
783 843 966 905 confusum.“
1007 845 1043 903 Εἰ
1065 845 1193 904 lacobeii
1208 844 1396 906 adnotatIoni
1421 848 1499 908 nihil

364 948 446 1009 aliud
470 948 588 1021 addam,
612 949 668 1008 nisi
691 947 772 1025 quod
797 949 885 1034 etiam
908 947 938 1006 in
961 946 1066 1006 codice
1088 949 1263 1008 Monaceusi
1284 946 1308 1007 0
1332 966 1395 1009 uno
1420 951 1499 1026 loco,

362 1070 404 1112 or.
425 1053 467 1111 IV
489 1055 539 1129 24,
559 1055 592 1130 5,
628 1050 739 1111 librarii
776 1050 968 1129 neglegentia
1004 1033 1162 1128 οὐρανῶν
1200 1069 1254 1128 pro
1292 1035 1498 1129 ἀνθρώπων

363 1154 511 1231 scriptum
535 1156 588 1214 cst.

448 1344 494 1402 Ex
523 1343 577 1413 his,
609 1359 687 1419 quae
717 1340 817 1400 adhuc
845 1340 882 1400 de
910 1341 1012 1401 codice
1042 1341 1227 1400 ParisinoB
1257 1340 1393 1418 exposui,
1425 1360 1495 1401 cum

362 1444 449 1505 facile
472 1445 635 1506 arbitretur
658 1444 725 1522 quis
748 1443 785 1502 ad
802 1443 1030 1521 cognoscendas
1045 1443 1193 1520 genuinas
1214 1442 1372 1520 archetypi
1388 1444 1497 1504 lectio·
1576 1489 1578 1568 ,

362 1566 416 1609 nes
438 1549 519 1608 huuc
541 1547 648 1608 librum
672 1546 782 1606 nullius
805 1563 871 1607 esse
893 1547 1042 1624 momenti,
1064 1565 1145 1606 nnnc
1167 1547 1197 1606 iu
1219 1547 1315 1608 altera
1329 1550 1418 1623 parte
1443 1548 1496 1607 de-

362 1655 530 1712 monstrare
559 1651 691 1710 conabor
723 1649 927 1726 compluribus
955 1649 1027 1709 locis
1056 1649 1120 1709 solu
1141 1649 1253 1709 codicis
1273 1651 1297 1709 Β
1320 1668 1415 1726 opera
1442 1669 1496 1726 gc·
1577 1695 1578 1712 r

362 1754 469 1814 uulnus
501 1751 658 1828 archetypi
689 1751 832 1811 lectiones
864 1755 998 1811 servatae
1029 1752 1116 1812 nobis
1146 1769 1219 1812 cese.
1271 1751 1387 1825 Quibus
1418 1753 1497 1813 locis
1577 1837 1578 1840 Ἴ

365 1875 432 1915 cum
460 1857 539 1915 inter
562 1854 637 1916 duos
660 1855 725 1914 illos
749 1855 837 1914 huius
861 1855 976 1915 saeculi
999 1854 1128 1915 editores
1155 1856 1328 1915 convenerit
1353 1857 1383 1914 in
1406 1857 1496 1916 Puri·

365 1958 472 2018 siuoB
495 1958 590 2017 bonas
613 1959 710 2017 inesse
732 1958 897 2034 scripturas
919 1961 1010 2034 atquc
1033 1956 1202 2017 reiciendus
1225 1960 1342 2017 ceteros
1361 1957 1495 2035 codices,
1577 2009 1578 2022 ,

362 2060 511 2139 equidem,
538 2078 577 2119 ne
600 2060 707 2136 longus
730 2060 794 2133 alm,
824 2061 975 2120 inanimo
999 2077 1058 2119 non
1081 2060 1177 2120 habco
1205 2058 1301 2119 fusius
1329 2078 1496 2138 exponere,

361 2182 421 2241 qua
443 2181 477 2222 re
500 2165 664 2222 commotus
692 2180 867 2239 persuasum
896 2162 1021 2223 habeam
1049 2160 1182 2223 codicem
1206 2163 1230 2222 B
1257 2161 1494 2240 praeferendum
1577 2151 1578 2182 ¹

361 2283 427 2327 esse
449 2265 574 2342 reliquis
597 2265 689 2326 libris.
727 2266 837 2325 Verum
860 2264 890 2324 id
911 2269 1027 2325 tautum
1051 2264 1244 2341 adumbrabo,
1266 2283 1355 2342 quam
1372 2266 1410 2326 ob
1427 2286 1494 2327 rem

360 2368 551 2429 statuendum
575 2369 613 2428 sit
636 2369 693 2428 illis
715 2367 788 2429 locis
811 2386 870 2428 non
897 2370 1090 2429 conlecturae
1106 2368 1154 2428 via
1175 2369 1272 2428 bonas
1291 2368 1438 2453 lectiones
1461 2371 1492 2431 in

359 2471 510 2531 librnt
533 2471 639 2548 illatas,
659 2469 714 2531 sed
738 2471 886 2548 genuinas
913 2472 1070 2549 archetypi
1093 2471 1258 2548 scripturae
1280 2476 1414 2532 servatus
1439 2492 1494 2533 no-

359 2573 406 2633 bis
429 2591 504 2634 csse.

446 2676 496 2738 Or.
515 2676 672 2735 XXXVIII
693 2681 720 2752 6,
736 2679 767 2737 5:
789 2673 894 2735 τοῦτο
918 2669 1064 2750 δέδοικα,
1086 2666 1130 2754 μὴ
1152 2665 1216 2754 τὴν
1239 2669 1300 2754 μὲν
1322 2660 1492 2754 ὁμόνοιαν

359 2763 466 2857 αὐτὴν
495 2765 546 2854 ἐφ’
562 2767 681 2858 ἑαυτῆς
703 2769 813 2857 καλὴν
838 2767 922 2838 εἶναι
949 2769 1222 2860 πιστεύσητε,τὸ
1247 2773 1282 2837 δὲ
1304 2768 1389 2857 πρὸς
1412 2772 1492 2840 τού-

358 2897 440 2951 τους
455 2863 614 2958 ὁμονοεῖν
628 2871 708 2952 τοὺς
723 2866 940 2960 ἀνθρώπους,
964 2869 1013 2951 οἷς
1029 2865 1187 2958 ὁμονοεῖν
1203 2898 1287 2960 φημι
1304 2877 1374 2940 δεῖν
1388 2866 1492 2962 ὑμᾶς,

360 2970 530 3043 ἀδύνατον
551 2972 637 3043 εἶναι
661 2977 829 3064 νομίσητε.

442 3086 491 3147 Sic
517 3088 547 3147 in
570 3087 753 3147 ParisiuoB
782 3086 917 3148 videmus
945 3088 1103 3163 scriptum;
1135 3088 1224 3148 adltio
1251 3090 1350 3148 autem
1371 3088 1492 3150 Veneta

357 3209 413 3268 pro
437 3177 487 3260 οἷς
510 3171 668 3268 ὁμονοεῖν
684 3205 767 3268 φημι
791 3190 912 3250 exhibet
935 3177 985 3260 οἷς
1001 3173 1206 3267 ὁμοφρονεῖν
1222 3207 1316 3270 φημι,
1341 3191 1370 3250 lu
1391 3191 1490 3250 Mecu-

357 3293 518 3355 manniano
547 3292 677 3369 denique
703 3295 734 3353 hl
763 3292 869 3352 verba:
898 3282 979 3363 τούς
1009 3276 1216 3370 ἀνθρώπους
1248 3280 1298 3364 οἷς
1327 3276 1489 3371 ὁμονοεῖν

357 3396 446 3472 plane
469 3396 655 3456 omittuntur.
701 3396 744 3455 llo
769 3396 835 3456 loco
859 3395 972 3455 codicis
994 3396 1018 3455 B
1040 3397 1190 3471 scriptura
1217 3395 1287 3457 iude
1311 3395 1381 3456 mihi
1403 3397 1490 3458 vide·

1576 1897 1578 1990 l

356 3502 406 3558 tur·
426 3501 492 3558 orta
507 3515 583 3576 esse,
595 3489 687 3576 'quod
709 3497 784 3559 liber
799 3499 839 3557 Β*
859 3502 1013 3559 correctus
1029 3502 1073 3559 est
1091 3498 1130 3557 ud
1150 3498 1281 3560 codicem
1296 3499 1324 3574 ξ.
1353 3499 1491 3561 'Lacuna
1573 3497 1574 3502 ’

357 3601 444 3676 enim,
471 3618 549 3679 quae
578 3601 656 3662 inest
682 3601 713 3660 in
737 3601 984 3661 Mcermanniano
1007 3602 1045 3672 Μ,
1073 3601 1190 3662 facilius
1216 3601 1246 3662 ln
1274 3601 1353 3660 hunc
1375 3601 1488 3663 librum

356 3704 491 3781 irrepere
513 3704 620 3780 potuit,
642 3704 666 3762 si
691 3704 720 3762 iu
744 3703 932 3764 codIcibneo
953 3708 1021 3781 etp
1046 3704 1120 3764 baec
1144 3706 1230 3764 erant
1253 3705 1379 3782 scripta:
1401 3688 1490 3784 ὁμο-

355 3811 466 3864 νοεῖν
488 3794 569 3876 τούς
593 3790 810 3883 ἀνθρώπους,
833 3794 883 3876 οἷς
905 3789 1109 3883 ὁμονοεῖν,
1137 3823 1226 3883 quum
1249 3807 1274 3866 si
1295 3805 1372 3866 haec
1394 3809 1489 3885 scrip·
1572 3851 1573 3870 τ

355 3912 435 3968 tura:
467 3890 658 3985 ὁμονοεῖν
688 3898 769 3979 rode
801 3893 1022 3987 ἀνθρώπους,
1054 3897 1104 3979 οἷς
1135 3891 1386 3988 ὁμοφρονεῐν
1417 3917 1489 3971 ante

356 4012 460 4072 oculos
487 4014 552 4073 crat
582 4011 702 4072 librario
730 4010 843 4071 codicis
866 4009 932 4084 MA)
981 4013 1011 4071 Is
1037 4012 1114 4072 enlm
1143 4012 1331 4090 conspiciens
1359 4014 1488 4075 verbum

354 4095 514 4191 ὁμονοεῖν
537 4114 631 4174 altero
653 4115 719 4204 loco
741 4115 873 4192 positum
897 4116 1006 4191 omnia,
1028 4105 1227 4193 quaecunque
1249 4114 1293 4175 illi
1308 4117 1377 4176 voci
1400 4119 1489 4177 ante-

352 4279 449 4399 um:
481 4273 666 4413 ξίὸρῐεοτίε,
691 4274 865 4332 Adversaris
889 4277 986 4332 critica
1009 4277 1045 4332 ad
1070 4277 1222 4347 scriptores
1241 4278 1362 4332 Graecos
1386 4283 1417 4333 et
1435 4283 1490 4335 Lu·
