3216 5044
1157 434 1196 489 77

83 603 148 674 XVI,
165 607 213 666 15.
264 595 372 680 Neque
403 596 579 662 recentioris
609 597 715 662 aetatis
744 600 800 662 viri
831 597 920 678 docti,
954 605 1098 678 quantum
1128 603 1198 679 scio,

83 709 272 767 narrationem
295 706 374 766 illam
397 724 435 765 ex
458 706 590 766 tenebris
612 709 825 765 evocaverunt.

155 811 245 870 Nunc
267 810 292 868 si
312 809 494 885 quaerimus,
518 806 598 868 unde
621 807 782 867 scholiasta
804 807 877 866 illud
895 808 1038 878 hauserit,
1061 807 1117 866 hoc
1141 809 1199 885 pri-

82 931 150 970 mum
181 910 464 972 commemoratione
495 909 620 985 ,dignum
654 910 724 969 mihi
756 909 877 970 videtur
909 927 975 970 esse
1009 909 1199 969 scholiastam

82 1016 168 1091 ipsum
191 1013 313 1074 finxisse
337 1014 415 1073 hauc
435 1013 567 1073 fabulam
592 1012 665 1071 nihil
688 1012 800 1071 habere
823 1012 1049 1090 probabilitatis.
1093 1014 1200 1090 Neque

82 1119 149 1176 enim
179 1118 355 1193 intellegere
385 1133 552 1193 possumus,
584 1133 644 1191 qua
672 1133 703 1174 re
735 1119 901 1175 commotus
932 1115 1092 1192 Apsephae
1120 1115 1201 1192 regis

82 1239 180 1280 nomen
214 1221 441 1296 excogitaverit,
477 1219 651 1295 praesertim
686 1236 752 1278 cum
787 1219 817 1276 in
849 1217 900 1276 illa
931 1219 1036 1277 Dionis
1067 1219 1201 1278 oratione

82 1323 187 1382 nullum
210 1327 308 1382 exstet
330 1341 448 1397 nornen,
477 1340 514 1381 ex
537 1340 598 1398 quo
620 1320 694 1380 illud
719 1339 826 1380 nomeu
850 1322 926 1380 sumi
949 1322 1087 1398 potuerit.
1132 1321 1201 1382 Ger-

81 1429 136 1484 tum
160 1427 249 1500 igitur
273 1425 343 1484 mihi
367 1425 488 1484 videtur
517 1425 633 1484 auctori
662 1423 740 1483 illius
763 1423 865 1483 scholii
898 1427 1019 1500 praesto
1047 1425 1139 1484 t'uisse
1170 1424 1202 1483 li-

81 1529 169 1600 brum,
196 1530 246 1606 qui
270 1532 437 1606 temporum
461 1529 618 1605 iniquitate
647 1527 732 1587 nobis
757 1546 817 1587 nou
841 1531 885 1587 est
908 1533 1057 1587 servatus.
1102 1528 1203 1606 Atque

80 1630 102 1688 is
124 1629 241 1706 quidem
263 1630 338 1690 liber
362 1649 398 1690 ex
415 1630 564 1690 sententia
580 1647 645 1688 mea
668 1628 706 1688 ad
731 1645 828 1704 genus
852 1647 954 1688 eorum
971 1629 1113 1692 librorum
1137 1648 1203 1707 per·

79 1733 171 1808 tinnit,
196 1750 273 1808 quos
297 1733 508 1809 complectitur
532 1730 602 1792 Otto
627 1731 768 1791 Kellerus
790 1731 821 1791 in
845 1731 929 1803 libro,
957 1733 1009 1808 qui
1033 1733 1204 1793 inscribitur

80 1835 205 1903 „Rerum
223 1835 402 1894 naturalium
426 1834 587 1911 scriptores
608 1833 715 1894 Graeci
739 1835 878 1911 minores,
902 1835 961 1894 vol.
981 1836 1004 1894 Ι.
1033 1835 1203 1895 Paradoxo-

79 1937 217 2014 graphi“;
244 1957 425 2015 quamquam
449 1937 582 1998 concedo
611 1937 722 1996 nullam
751 1955 796 1997 me
819 1938 859 1998 ibi
883 1938 1035 1998 invenisse
1063 1937 1204 2015 fabulam,

78 2059 154 2115 quae
176 2039 277 2101 similis
299 2043 337 2101 sit
359 2041 523 2101 narrationi
546 2039 583 2099 de
607 2040 751 2116 Apsepha
772 2057 844 2116 rege
869 2042 977 2118 agenti.

162 2159 226 2232 Vll,
245 2166 275 2220 1:
299 2141 399 2229 οὗτος
422 2142 441 2216 ὁ
459 2148 559 2236 λόγος
581 2147 704 2236 εἰσάγει
725 2143 820 2228 τινάς
843 2151 880 2216 ἓν
895 2143 1025 2242 Εὐβοίᾳ
1047 2155 1204 2233 βιοῦντας

76 2259 236 2321 τοιοῦτον
260 2256 346 2335 βίον,
375 2246 417 2320 δι’
433 2243 481 2319 oin
504 2251 755 2336 κατασκευάζει,
785 2255 830 2332 ώς
854 2245 1039 2341 ἀπράγμων
1063 2256 1148 2336 βίος,
1176 2255 1204 2320 εἰ

76 2359 131 2422 καὶ
158 2355 345 2442 πενόμενος
368 2357 427 2444 ε’ίη,
458 2362 579 2442 πολλῷ
605 2361 675 2423 τῶν
702 2356 739 2422 ἓν
763 2350 853 2422 άστει
880 2359 1147 2444 θορυβουμένων
1168 2382 1204 2423 τε

75 2461 129 2524 καὶ
160 2456 374 2544 τρυφώντων
404 2450 512 2545 ἡδίων
542 2483 578 2524 τε
608 2462 663 2524 καὶ
695 2461 974 2546 λυσιτελέστερος.
1025 2468 1114 2545 Apud
1144 2470 1204 2528 Mo·

74 2571 193 2630 rellium
221 2572 296 2630 haec
320 2570 454 2630 videmus
482 2570 606 2646 scripta:
643 2570 837 2641 „scholiastes
866 2589 903 2629 ex
928 2571 1026 2630 Photii
1054 2572 1205 2649 excerptis

75 2655 243 2731 ὑπόθεσιν
265 2673 354 2733 huius
370 2672 522 2733 Sermonis
545 2672 603 2730 huc
626 2672 706 2731 bona
721 2671 779 2731 fido
794 2672 955 2749 transtulit,
979 2676 1012 2732 ut
1035 2691 1072 2732 nc
1088 2674 1204 2749 apicem

73 2774 198 2850 quidem
221 2773 370 2835 mutares
418 2775 547 2833 Intuenti
577 2774 646 2833 mini
675 2753 773 2833 cnosi
801 2771 1041 2850 bibliothecam)
1070 2775 1128 2834 uae
1155 2794 1205 2834 00-

73 2883 238 2938 currerunt
255 2878 459 2937 diversitates:
485 2875 514 2947 1)
535 2878 562 2935 N
579 2872 736 2949 βιοῦντας
750 2871 912 2935 τοιοῦτον
927 2871 1012 2950 βίον,
1028 2877 1081 2936 Ph.
1097 2873 1206 2935 τοιοῦ-

71 2997 133 3039 τον
157 2975 238 3054 βίον
261 2977 431 3058 βιοῦντας;
456 2977 487 3052 2)
510 2981 538 3040 N
559 2962 606 3049 ώς
621 2967 816 3058 ἀπράγμων,
840 2981 894 3038 Ph.
910 2963 990 3050 ώςὸ
1009 2964 1204 3058 ἀπράγμων.

158 3101 229 3179 Vll,
247 3106 320 3162 143:
352 3083 397 3171 ώς
426 3083 549 3169 ὃΖεύς
575 3086 697 3177 χρυσὸς
725 3091 857 3179 ίῤῥευσε
888 3094 934 3171 εἰς
960 3092 1039 3175 τούς
1066 3091 1205 3181 Δανάης,

70 3200 127 3284 τῆς
150 3201 222 3263 τοῦ
237 3196 482 3281 προειρημένου
498 3187 672 3279 Ἀκρισίου,
695 3192 845 3273 κόλπους
867 3186 936 3261 ὑπὸ
958 3197 1091 3282 χαλκέῳ
1115 3194 1206 3282 οἰκή-

69 3323 148 3382 ματι
172 3298 468 3384 θαλαμιυομένης,
499 3296 536 3362 ἐν
558 3311 723 3381 ποταμοῖς
754 3289 799 3374 ώς
822 3301 882 3382 τῆς
904 3294 1015 3384 Λήδας
1041 3301 1102 3382 τῆς
1129 3305 1206 3364 Τυν-

70 3401 182 3487 δάρεω
208 3405 272 3467 τοῦ
288 3397 452 3477 Λάκωνος
474 3396 566 3485 παρά
587 3402 636 3484 τῷ
656 3391 800 3488 Εὐρώτᾳ
823 3391 841 3464 ὁ
866 3393 992 3478 κύκνος
1014 3394 1104 3477 Ζεύς.
1151 3400 1206 3466 ἐπὶ

70 3504 180 3593 κρήνῃ
207 3495 255 3583 ώς
277 3507 318 3587 τῇ
341 3498 510 3588 Ἀμυμώνη
534 3497 551 3569 ὁ
575 3503 751 3568 Ποσειδῶν
773 3502 809 3567 ἐν
825 3497 936 3588 Ἄργει.
975 3494 1032 3586 άώ
1046 3492 1086 3589 ἧς
1107 3505 1163 3568 καὶ
1185 3495 1206 3590 ἡ

69 3609 159 3697 πηγὴ
193 3603 308 3686 οὕτως
337 3599 508 3693 Ἀμυμώνη
537 3602 676 3692 ἐκλήθη.
721 3613 811 3691 Apud
839 3615 1007 3673 Morellium
1035 3615 1111 3675 haec
1136 3615 1207 3691 legi-

70 3737 147 3782 mus:
177 3719 387 3794 „Notissi‘mae
401 3717 519 3777 fabulae
538 3722 704 3793 tanguntur
721 3716 758 3776 de
775 3717 847 3776 love
863 3735 1008 3777 converso
1031 3719 1061 3777 in
1078 3719 1206 3795 pretium

69 3827 105 3884 ob
128 3828 268 3885 Danaen
293 3825 323 3882 et
344 3822 374 3880 iu
392 3820 528 3897 Cygnum
552 3821 589 3880 ob
605 3820 719 3880 Ledam
742 3821 825 3880 iuxta
841 3821 993 3900 Eurotam,
1016 3821 1147 3898 itemque
1170 3821 1208 3881 de

68 3927 208 4007 Neptuni
228 3925 406 4000 Amymone,
428 3923 488 3982 filia
508 3925 613 3993 Danai,
637 3941 714 3999 quae
736 3922 811 3984 fonti
828 3925 939 4000 Argivo
964 3942 1071 3985 nomen
1095 3923 1205 3984 dedit.“

68 4034 187 4106 Quibus
218 4027 325 4088 verbis
356 4044 535 4103 quamquam
567 4025 673 4086 Dionis
699 4025 751 4086 ille
779 4026 875 4085 editor
905 4046 965 4086 nou
993 4026 1104 4086 diserte
1135 4026 1208 4087 dicit

67 4135 260 4197 scholiastae
283 4147 316 4190 se
340 4129 448 4189 afferre
471 4129 662 4206 senteutiam,
685 4129 783 4188 inesse
805 4134 904 4189 tamen
929 4129 986 4189 hoc
1009 4130 1154 4190 scholium
1177 4130 1206 4188 in

68 4241 206 4300 Parisino
225 4235 259 4296 A
274 4236 436 4311 propterea
453 4249 571 4308 censeo,
592 4230 673 4307 quod
690 4231 843 4290 Morellius
859 4230 962 4291 eadem
979 4231 1109 4305 adnotat,
1129 4251 1207 4310 quac

70 4342 288 4360 .........--—-·

152 4425 177 4490 ¹)
203 4414 312 4473 Codex
332 4415 391 4481 209,
409 4428 436 4481 p.
451 4416 507 4480 166,
526 4411 570 4466 ed.
588 4409 708 4465 Bclrhcr.
