<?xml version="1.0" encoding="UTF-8"?>
<!DOCTYPE html PUBLIC "-//W3C//DTD XHTML 1.0 Transitional//EN"
    "http://www.w3.org/TR/xhtml1/DTD/xhtml1-transitional.dtd">
<html xmlns="http://www.w3.org/1999/xhtml" xml:lang="en" lang="en">
 <head>
  <title>
</title>
<meta http-equiv="Content-Type" content="text/html;charset=utf-8" />
  <meta name='ocr-system' content='tesseract 3.04.00' />
  <meta name='ocr-capabilities' content='ocr_page ocr_carea ocr_par ocr_line ocrx_word'/>
</head>
<body>
  <div class='ocr_page' id='page_1' title='image "./dedionischrysos00mahngoog_0042.png"; bbox 0 0 3216 5044; ppageno 0'>
   <div class='ocr_carea' id='block_1_1' title="bbox 105 425 1223 693">
    <p class='ocr_par' dir='ltr' id='par_1_1' title="bbox 105 425 1223 693">
     <span class='ocr_line' id='line_1_1' title="bbox 1181 425 1220 503; baseline 0 0"><span class='ocrx_word' id='word_1_1' title='bbox 1181 425 1220 503; x_wconf 65' lang='grc' dir='ltr'>δὲ</span> 
     </span>
     <span class='ocr_line' id='line_1_2' title="bbox 105 609 1223 693; baseline -0.004 -15"><span class='ocrx_word' id='word_1_2' title='bbox 105 618 160 678; x_wconf 88' lang='lat' dir='ltr'>tun</span> <span class='ocrx_word' id='word_1_3' title='bbox 183 624 262 679; x_wconf 88' lang='lat' dir='ltr'>esset</span> <span class='ocrx_word' id='word_1_4' title='bbox 283 611 320 678; x_wconf 87' lang='lat' dir='ltr'>de</span> <span class='ocrx_word' id='word_1_5' title='bbox 340 614 502 678; x_wconf 76' lang='lat' dir='ltr'>concordis</span> <span class='ocrx_word' id='word_1_6' title='bbox 518 613 628 692; x_wconf 75' lang='lat' dir='ltr'>dicere,</span> <span class='ocrx_word' id='word_1_7' title='bbox 651 609 781 676; x_wconf 80' lang='lat' dir='ltr'><strong>dicerem</strong></span> <span class='ocrx_word' id='word_1_8' title='bbox 798 612 891 676; x_wconf 86' lang='lat' dir='ltr'>mults</span> <span class='ocrx_word' id='word_1_9' title='bbox 906 611 1005 693; x_wconf 66' lang='lat' dir='ltr'>sqq.“‚‘</span> <span class='ocrx_word' id='word_1_10' title='bbox 1024 613 1223 690; x_wconf 78' lang='lat' dir='ltr'>intellegimus</span> 
     </span>
    </p>
   </div>
   <div class='ocr_carea' id='block_1_2' title="bbox 97 811 1231 3364">
    <p class='ocr_par' dir='ltr' id='par_1_2' title="bbox 101 811 1228 1928">
     <span class='ocr_line' id='line_1_3' title="bbox 104 811 1223 906; baseline -0.004 -24"><span class='ocrx_word' id='word_1_11' title='bbox 104 825 207 900; x_wconf 82' lang='lat' dir='ltr'>liegeu,</span> <span class='ocrx_word' id='word_1_12' title='bbox 229 823 386 887; x_wconf 69' lang='lat' dir='ltr'>testimon,</span> <span class='ocrx_word' id='word_1_13' title='bbox 401 821 491 883; x_wconf 85' lang='lat' dir='ltr'>seiu.“</span> <span class='ocrx_word' id='word_1_14' title='bbox 538 823 573 881; x_wconf 94' lang='lat' dir='ltr'>In</span> <span class='ocrx_word' id='word_1_15' title='bbox 598 822 701 882; x_wconf 87' lang='lat' dir='ltr'>codice</span> <span class='ocrx_word' id='word_1_16' title='bbox 723 827 822 882; x_wconf 85' lang='lat' dir='ltr'>sotem</span> <span class='ocrx_word' id='word_1_17' title='bbox 838 820 976 881; x_wconf 81' lang='lat' dir='ltr'>Parisino</span> <span class='ocrx_word' id='word_1_18' title='bbox 992 821 1016 906; x_wconf 90' lang='grc' dir='ltr'>Β</span> <span class='ocrx_word' id='word_1_19' title='bbox 1032 838 1088 896; x_wconf 85' lang='lat' dir='ltr'>pro</span> <span class='ocrx_word' id='word_1_20' title='bbox 1104 811 1223 897; x_wconf 80' lang='grc' dir='ltr'><strong><em>προσέ-</em></strong></span> 
     </span>
     <span class='ocr_line' id='line_1_4' title="bbox 103 918 1224 1003; baseline -0.003 -19"><span class='ocrx_word' id='word_1_21' title='bbox 103 942 188 984; x_wconf 86' lang='grc' dir='ltr'><em>κειτο</em></span> <span class='ocrx_word' id='word_1_22' title='bbox 218 927 297 985; x_wconf 90' lang='lat' dir='ltr'>inest</span> <span class='ocrx_word' id='word_1_23' title='bbox 325 918 533 1003; x_wconf 78' lang='grc' dir='ltr'><strong><em>προέκειτο,</em></strong></span> <span class='ocrx_word' id='word_1_24' title='bbox 566 924 647 1001; x_wconf 91' lang='lat' dir='ltr'>quod</span> <span class='ocrx_word' id='word_1_25' title='bbox 675 924 811 996; x_wconf 85' lang='lat' dir='ltr'>verbum,</span> <span class='ocrx_word' id='word_1_26' title='bbox 846 942 913 982; x_wconf 91' lang='lat' dir='ltr'>cum</span> <span class='ocrx_word' id='word_1_27' title='bbox 940 922 1112 998; x_wconf 80' lang='lat' dir='ltr'>saepissime</span> <span class='ocrx_word' id='word_1_28' title='bbox 1135 922 1224 982; x_wconf 82' lang='lat' dir='ltr'>telem</span> 
     </span>
     <span class='ocr_line' id='line_1_5' title="bbox 104 1023 1225 1106; baseline -0.003 -18"><span class='ocrx_word' id='word_1_29' title='bbox 104 1029 208 1088; x_wconf 78' lang='lat' dir='ltr'>habeat</span> <span class='ocrx_word' id='word_1_30' title='bbox 238 1027 498 1105; x_wconf 77' lang='lat' dir='ltr'>significationem,</span> <span class='ocrx_word' id='word_1_31' title='bbox 535 1028 694 1106; x_wconf 78' lang='lat' dir='ltr'>Emperius</span> <span class='ocrx_word' id='word_1_32' title='bbox 725 1032 756 1087; x_wconf 91' lang='lat' dir='ltr'>et</span> <span class='ocrx_word' id='word_1_33' title='bbox 784 1023 988 1097; x_wconf 84' lang='lat' dir='ltr'>Diodoriius1)</span> <span class='ocrx_word' id='word_1_34' title='bbox 1015 1025 1225 1101; x_wconf 83' lang='lat' dir='ltr'>praetulerunt</span> 
     </span>
     <span class='ocr_line' id='line_1_6' title="bbox 103 1119 1225 1208; baseline -0.004 -17"><span class='ocrx_word' id='word_1_35' title='bbox 103 1131 166 1191; x_wconf 92' lang='lat' dir='ltr'>voci</span> <span class='ocrx_word' id='word_1_36' title='bbox 196 1123 404 1208; x_wconf 81' lang='grc' dir='ltr'>προσέκειτο.</span> <span class='ocrx_word' id='word_1_37' title='bbox 455 1129 502 1189; x_wconf 81' lang='lat' dir='ltr'>Ex</span> <span class='ocrx_word' id='word_1_38' title='bbox 532 1147 597 1189; x_wconf 80' lang='lat' dir='ltr'>mes</span> <span class='ocrx_word' id='word_1_39' title='bbox 627 1133 726 1189; x_wconf 86' lang='lat' dir='ltr'>eutem</span> <span class='ocrx_word' id='word_1_40' title='bbox 757 1119 908 1188; x_wconf 81' lang='lat' dir='ltr'>sententie</span> <span class='ocrx_word' id='word_1_41' title='bbox 936 1145 996 1188; x_wconf 90' lang='lat' dir='ltr'>non</span> <span class='ocrx_word' id='word_1_42' title='bbox 1026 1145 1151 1188; x_wconf 85' lang='lat' dir='ltr'>necesse</span> <span class='ocrx_word' id='word_1_43' title='bbox 1179 1131 1225 1189; x_wconf 88' lang='lat' dir='ltr'>est</span> 
     </span>
     <span class='ocr_line' id='line_1_7' title="bbox 102 1231 1225 1309; baseline 0 -17"><span class='ocrx_word' id='word_1_44' title='bbox 102 1232 242 1293; x_wconf 80' lang='lat' dir='ltr'>adsentiri</span> <span class='ocrx_word' id='word_1_45' title='bbox 278 1233 396 1293; x_wconf 88' lang='lat' dir='ltr'>dnobus</span> <span class='ocrx_word' id='word_1_46' title='bbox 431 1232 491 1292; x_wconf 92' lang='lat' dir='ltr'>iilis</span> <span class='ocrx_word' id='word_1_47' title='bbox 528 1232 600 1291; x_wconf 86' lang='lat' dir='ltr'>viris</span> <span class='ocrx_word' id='word_1_48' title='bbox 638 1231 741 1292; x_wconf 89' lang='lat' dir='ltr'>doctis.</span> <span class='ocrx_word' id='word_1_49' title='bbox 799 1232 876 1290; x_wconf 85' lang='lat' dir='ltr'>Nem</span> <span class='ocrx_word' id='word_1_50' title='bbox 909 1249 1090 1309; x_wconf 83' lang='lat' dir='ltr'>quamquem</span> <span class='ocrx_word' id='word_1_51' title='bbox 1120 1249 1225 1292; x_wconf 86' lang='lat' dir='ltr'>conce·</span> 
     </span>
     <span class='ocr_line' id='line_1_8' title="bbox 103 1323 1225 1413; baseline -0.001 -18"><span class='ocrx_word' id='word_1_52' title='bbox 103 1335 230 1396; x_wconf 87' lang='lat' dir='ltr'>deodnm</span> <span class='ocrx_word' id='word_1_53' title='bbox 260 1341 305 1396; x_wconf 91' lang='lat' dir='ltr'>est</span> <span class='ocrx_word' id='word_1_54' title='bbox 332 1354 401 1395; x_wconf 84' lang='lat' dir='ltr'>raro</span> <span class='ocrx_word' id='word_1_55' title='bbox 422 1353 522 1395; x_wconf 74' lang='lat' dir='ltr'>uoces</span> <span class='ocrx_word' id='word_1_56' title='bbox 553 1323 748 1413; x_wconf 82' lang='grc' dir='ltr'><em>πρόσκειταί</em></span> <span class='ocrx_word' id='word_1_57' title='bbox 777 1351 834 1412; x_wconf 91' lang='grc' dir='ltr'>μοι</span> <span class='ocrx_word' id='word_1_58' title='bbox 863 1334 1033 1412; x_wconf 81' lang='lat' dir='ltr'>significare</span> <span class='ocrx_word' id='word_1_59' title='bbox 1066 1335 1155 1406; x_wconf 79' lang='lat' dir='ltr'>„mihi</span> <span class='ocrx_word' id='word_1_60' title='bbox 1177 1335 1225 1394; x_wconf 92' lang='lat' dir='ltr'>de-</span> 
     </span>
     <span class='ocr_line' id='line_1_9' title="bbox 103 1437 1227 1515; baseline -0.001 -16"><span class='ocrx_word' id='word_1_61' title='bbox 103 1441 250 1511; x_wconf 85' lang='lat' dir='ltr'>stinatum,</span> <span class='ocrx_word' id='word_1_62' title='bbox 282 1439 353 1498; x_wconf 91' lang='lat' dir='ltr'>mihi</span> <span class='ocrx_word' id='word_1_63' title='bbox 384 1439 570 1515; x_wconf 70' lang='lat' dir='ltr'>propositum</span> <span class='ocrx_word' id='word_1_64' title='bbox 594 1437 669 1511; x_wconf 86' lang='lat' dir='ltr'>est“‚</span> <span class='ocrx_word' id='word_1_65' title='bbox 693 1438 852 1515; x_wconf 81' lang='lat' dir='ltr'><strong>aliquoties</strong></span> <span class='ocrx_word' id='word_1_66' title='bbox 874 1442 974 1498; x_wconf 82' lang='lat' dir='ltr'>temen</span> <span class='ocrx_word' id='word_1_67' title='bbox 997 1438 1071 1498; x_wconf 83' lang='lat' dir='ltr'>tulos</span> <span class='ocrx_word' id='word_1_68' title='bbox 1093 1439 1227 1499; x_wconf 89' lang='lat' dir='ltr'>invenies</span> 
     </span>
     <span class='ocr_line' id='line_1_10' title="bbox 103 1523 1227 1620; baseline -0.001 -19"><span class='ocrx_word' id='word_1_69' title='bbox 103 1545 191 1613; x_wconf 90' lang='lat' dir='ltr'>locos,</span> <span class='ocrx_word' id='word_1_70' title='bbox 214 1547 248 1602; x_wconf 90' lang='lat' dir='ltr'>ut</span> <span class='ocrx_word' id='word_1_71' title='bbox 270 1541 350 1618; x_wconf 84' lang='lat' dir='ltr'>spud</span> <span class='ocrx_word' id='word_1_72' title='bbox 375 1541 510 1602; x_wconf 79' lang='lat' dir='ltr'>Gessium</span> <span class='ocrx_word' id='word_1_73' title='bbox 533 1542 659 1601; x_wconf 89' lang='lat' dir='ltr'>Dionem</span> <span class='ocrx_word' id='word_1_74' title='bbox 682 1541 737 1600; x_wconf 84' lang='lat' dir='ltr'>LII</span> <span class='ocrx_word' id='word_1_75' title='bbox 753 1545 808 1602; x_wconf 77' lang='lat'>22:</span> <span class='ocrx_word' id='word_1_76' title='bbox 835 1523 928 1620; x_wconf 77' lang='grc' dir='ltr'><em>αὐτῷ</em></span> <span class='ocrx_word' id='word_1_77' title='bbox 950 1529 993 1598; x_wconf 88' lang='grc' dir='ltr'><em>τά</em></span> <span class='ocrx_word' id='word_1_78' title='bbox 1015 1557 1052 1599; x_wconf 91' lang='grc' dir='ltr'>τε</span> <span class='ocrx_word' id='word_1_79' title='bbox 1074 1531 1227 1612; x_wconf 77' lang='grc' dir='ltr'><em>ἰδιωτικὰ</em></span> 
     </span>
     <span class='ocr_line' id='line_1_11' title="bbox 102 1623 1228 1722; baseline -0.002 -19"><span class='ocrx_word' id='word_1_80' title='bbox 102 1633 279 1722; x_wconf 75' lang='grc' dir='ltr'><em>πράγματα</em></span> <span class='ocrx_word' id='word_1_81' title='bbox 308 1637 364 1702; x_wconf 84' lang='grc' dir='ltr'>καί</span> <span class='ocrx_word' id='word_1_82' title='bbox 393 1623 414 1722; x_wconf 78' lang='grc' dir='ltr'><em>ἦ</em></span> <span class='ocrx_word' id='word_1_83' title='bbox 444 1639 517 1700; x_wconf 77' lang='grc' dir='ltr'>τῶν</span> <span class='ocrx_word' id='word_1_84' title='bbox 547 1634 746 1722; x_wconf 78' lang='grc' dir='ltr'><em>ἐπιτηδείων</em></span> <span class='ocrx_word' id='word_1_85' title='bbox 776 1630 972 1722; x_wconf 79' lang='grc' dir='ltr'><em>παρασκευὴ</em></span> <span class='ocrx_word' id='word_1_86' title='bbox 994 1636 1228 1720; x_wconf 67' lang='grc' dir='ltr'><em>προσκείσθω·</em></span> 
     </span>
     <span class='ocr_line' id='line_1_12' title="bbox 101 1731 1228 1825; baseline -0.002 -19"><span class='ocrx_word' id='word_1_87' title='bbox 101 1747 180 1825; x_wconf 81' lang='lat' dir='ltr'>epod</span> <span class='ocrx_word' id='word_1_88' title='bbox 196 1745 382 1807; x_wconf 87' lang='lat' dir='ltr'>Herodotum</span> <span class='ocrx_word' id='word_1_89' title='bbox 397 1747 508 1817; x_wconf 63' lang='lat' dir='ltr'>vinu:</span> <span class='ocrx_word' id='word_1_90' title='bbox 530 1731 681 1804; x_wconf 76' lang='grc' dir='ltr'>τούτοισι</span> <span class='ocrx_word' id='word_1_91' title='bbox 703 1739 903 1823; x_wconf 77' lang='grc' dir='ltr'><em>προσκέεται</em></span> <span class='ocrx_word' id='word_1_92' title='bbox 924 1739 1124 1824; x_wconf 77' lang='grc' dir='ltr'><strong><em>προξείνους</em></strong></span> <span class='ocrx_word' id='word_1_93' title='bbox 1145 1731 1228 1804; x_wconf 84' lang='grc' dir='ltr'>ἀπο·</span> 
     </span>
     <span class='ocr_line' id='line_1_13' title="bbox 102 1831 1228 1928; baseline -0.004 -17"><span class='ocrx_word' id='word_1_94' title='bbox 102 1839 283 1922; x_wconf 79' lang='grc' dir='ltr'><em>δεικνύναι,</em></span> <span class='ocrx_word' id='word_1_95' title='bbox 306 1853 397 1927; x_wconf 82' lang='lat' dir='ltr'>etque</span> <span class='ocrx_word' id='word_1_96' title='bbox 414 1850 535 1910; x_wconf 76' lang='lat' dir='ltr'>vilse:</span> <span class='ocrx_word' id='word_1_97' title='bbox 550 1854 639 1907; x_wconf 83' lang='grc' dir='ltr'><em>τοῖσι</em></span> <span class='ocrx_word' id='word_1_98' title='bbox 653 1841 856 1926; x_wconf 81' lang='grc' dir='ltr'>προοικέιτο</span> <span class='ocrx_word' id='word_1_99' title='bbox 872 1834 960 1927; x_wconf 80' lang='grc' dir='ltr'><em>αὕτη</em></span> <span class='ocrx_word' id='word_1_100' title='bbox 976 1831 997 1928; x_wconf 81' lang='grc' dir='ltr'><em>ἦ</em></span> <span class='ocrx_word' id='word_1_101' title='bbox 1012 1834 1127 1927; x_wconf 82' lang='grc' dir='ltr'><em>ἀχαμις</em></span> <span class='ocrx_word' id='word_1_102' title='bbox 1141 1838 1228 1927; x_wconf 78' lang='grc' dir='ltr'><em>τιμή.</em></span> 
     </span>
    </p>

    <p class='ocr_par' dir='ltr' id='par_1_3' title="bbox 97 1950 1231 3364">
     <span class='ocr_line' id='line_1_14' title="bbox 186 1950 1227 2027; baseline 0.001 -17"><span class='ocrx_word' id='word_1_103' title='bbox 186 1953 263 2011; x_wconf 92' lang='lat' dir='ltr'>Dion</span> <span class='ocrx_word' id='word_1_104' title='bbox 300 1951 324 2010; x_wconf 89' lang='lat' dir='ltr'>si</span> <span class='ocrx_word' id='word_1_105' title='bbox 359 1951 449 2027; x_wconf 85' lang='lat' dir='ltr'>plene</span> <span class='ocrx_word' id='word_1_106' title='bbox 479 1952 657 2012; x_wconf 88' lang='lat' dir='ltr'>concinnum</span> <span class='ocrx_word' id='word_1_107' title='bbox 690 1950 818 2011; x_wconf 81' lang='lat' dir='ltr'>reddere</span> <span class='ocrx_word' id='word_1_108' title='bbox 848 1951 1014 2011; x_wconf 76' lang='lat' dir='ltr'>studuisset</span> <span class='ocrx_word' id='word_1_109' title='bbox 1041 1952 1227 2011; x_wconf 75' lang='lat' dir='ltr'>enuntiatum</span> 
     </span>
     <span class='ocr_line' id='line_1_15' title="bbox 101 2039 1229 2132; baseline -0.003 -16"><span class='ocrx_word' id='word_1_110' title='bbox 101 2074 145 2116; x_wconf 88' lang='grc' dir='ltr'>οι.</span> <span class='ocrx_word' id='word_1_111' title='bbox 159 2055 256 2115; x_wconf 83' lang='lat' dir='ltr'>XXXI</span> <span class='ocrx_word' id='word_1_112' title='bbox 274 2058 323 2131; x_wconf 83' lang='grc'>79,</span> <span class='ocrx_word' id='word_1_113' title='bbox 335 2058 364 2132; x_wconf 89' lang='grc'>8,</span> <span class='ocrx_word' id='word_1_114' title='bbox 385 2054 429 2114; x_wconf 90' lang='lat' dir='ltr'>sic</span> <span class='ocrx_word' id='word_1_115' title='bbox 452 2053 515 2114; x_wconf 90' lang='lat' dir='ltr'>sine</span> <span class='ocrx_word' id='word_1_116' title='bbox 538 2054 630 2113; x_wconf 92' lang='lat' dir='ltr'>dubio</span> <span class='ocrx_word' id='word_1_117' title='bbox 650 2054 831 2130; x_wconf 84' lang='lat' dir='ltr'>scripsisset:</span> <span class='ocrx_word' id='word_1_118' title='bbox 855 2039 944 2112; x_wconf 81' lang='grc' dir='ltr'>ὅπου</span> <span class='ocrx_word' id='word_1_119' title='bbox 965 2046 1026 2131; x_wconf 78' lang='grc' dir='ltr'>μὲν</span> <span class='ocrx_word' id='word_1_120' title='bbox 1048 2043 1112 2132; x_wconf 81' lang='grc' dir='ltr'>γὰρ</span> <span class='ocrx_word' id='word_1_121' title='bbox 1134 2042 1229 2113; x_wconf 80' lang='grc' dir='ltr'><em>ἐλάτ-</em></span> 
     </span>
     <span class='ocr_line' id='line_1_16' title="bbox 99 2139 1229 2236; baseline -0.003 -20"><span class='ocrx_word' id='word_1_122' title='bbox 99 2173 172 2216; x_wconf 88' lang='grc' dir='ltr'>των</span> <span class='ocrx_word' id='word_1_123' title='bbox 201 2139 222 2236; x_wconf 78' lang='grc' dir='ltr'><em>ἡ</em></span> <span class='ocrx_word' id='word_1_124' title='bbox 252 2149 351 2234; x_wconf 81' lang='grc' dir='ltr'>ζημία</span> <span class='ocrx_word' id='word_1_125' title='bbox 379 2162 452 2226; x_wconf 81' lang='grc' dir='ltr'>τοῖς</span> <span class='ocrx_word' id='word_1_126' title='bbox 481 2140 594 2214; x_wconf 82' lang='grc' dir='ltr'><em>πολδν</em></span> <span class='ocrx_word' id='word_1_127' title='bbox 615 2144 742 2234; x_wconf 81' lang='grc' dir='ltr'><em>χρόνον</em></span> <span class='ocrx_word' id='word_1_128' title='bbox 763 2149 1050 2234; x_wconf 79' lang='grc' dir='ltr'><em>καρπωσαμένοις,</em></span> <span class='ocrx_word' id='word_1_129' title='bbox 1081 2142 1170 2216; x_wconf 82' lang='grc' dir='ltr'>ὅπου</span> <span class='ocrx_word' id='word_1_130' title='bbox 1193 2148 1229 2216; x_wconf 75' lang='grc' dir='ltr'>δὲ</span> 
     </span>
     <span class='ocr_line' id='line_1_17' title="bbox 100 2237 1227 2338; baseline 0.001 -22"><span class='ocrx_word' id='word_1_131' title='bbox 100 2251 226 2338; x_wconf 78' lang='grc' dir='ltr'><em>μείζων</em></span> <span class='ocrx_word' id='word_1_132' title='bbox 247 2241 268 2338; x_wconf 78' lang='grc' dir='ltr'><em>ἦ</em></span> <span class='ocrx_word' id='word_1_133' title='bbox 292 2243 405 2335; x_wconf 79' lang='grc' dir='ltr'><em>ἀτιμία</em></span> <span class='ocrx_word' id='word_1_134' title='bbox 426 2263 498 2328; x_wconf 83' lang='grc' dir='ltr'>τοῖς</span> <span class='ocrx_word' id='word_1_135' title='bbox 521 2247 652 2336; x_wconf 85' lang='grc' dir='ltr'><em>σφόδρα</em></span> <span class='ocrx_word' id='word_1_136' title='bbox 674 2255 819 2328; x_wconf 78' lang='grc' dir='ltr'><em>παλαιᾶς</em></span> <span class='ocrx_word' id='word_1_137' title='bbox 841 2255 938 2336; x_wconf 86' lang='grc' dir='ltr'><em>τιμῆς</em></span> <span class='ocrx_word' id='word_1_138' title='bbox 958 2237 1227 2337; x_wconf 74' lang='grc' dir='ltr'><em>ἀφαιρουμένοις.</em></span> 
     </span>
     <span class='ocr_line' id='line_1_18' title="bbox 100 2348 1228 2423; baseline -0.002 0"><span class='ocrx_word' id='word_1_139' title='bbox 100 2360 161 2423; x_wconf 86' lang='lat' dir='ltr'>Sed</span> <span class='ocrx_word' id='word_1_140' title='bbox 189 2379 255 2421; x_wconf 89' lang='lat' dir='ltr'>cum</span> <span class='ocrx_word' id='word_1_141' title='bbox 286 2366 316 2420; x_wconf 91' lang='lat' dir='ltr'>et</span> <span class='ocrx_word' id='word_1_142' title='bbox 338 2359 369 2418; x_wconf 90' lang='lat' dir='ltr'>in</span> <span class='ocrx_word' id='word_1_143' title='bbox 392 2358 546 2420; x_wconf 78' lang='lat' dir='ltr'>codicibus</span> <span class='ocrx_word' id='word_1_144' title='bbox 568 2359 623 2419; x_wconf 87' lang='grc' dir='ltr'>ΜΒ</span> <span class='ocrx_word' id='word_1_145' title='bbox 647 2363 676 2420; x_wconf 89' lang='lat' dir='ltr'>et</span> <span class='ocrx_word' id='word_1_146' title='bbox 698 2348 729 2419; x_wconf 83' lang='lat' dir='ltr'>in</span> <span class='ocrx_word' id='word_1_147' title='bbox 753 2359 884 2421; x_wconf 87' lang='lat' dir='ltr'>editione</span> <span class='ocrx_word' id='word_1_148' title='bbox 906 2362 1024 2421; x_wconf 77' lang='lat' dir='ltr'>Veneta</span> <span class='ocrx_word' id='word_1_149' title='bbox 1046 2361 1228 2423; x_wconf 81' lang='lat' dir='ltr'>adiectivum</span> 
     </span>
     <span class='ocr_line' id='line_1_19' title="bbox 99 2446 1228 2543; baseline 0.004 -21"><span class='ocrx_word' id='word_1_150' title='bbox 99 2459 224 2543; x_wconf 76' lang='grc' dir='ltr'><em>μείζων</em></span> <span class='ocrx_word' id='word_1_151' title='bbox 246 2467 315 2540; x_wconf 85' lang='lat' dir='ltr'>post</span> <span class='ocrx_word' id='word_1_152' title='bbox 335 2463 553 2523; x_wconf 87' lang='lat' dir='ltr'>substantivum</span> <span class='ocrx_word' id='word_1_153' title='bbox 577 2446 691 2540; x_wconf 87' lang='grc' dir='ltr'><em>ἀτιμία</em></span> <span class='ocrx_word' id='word_1_154' title='bbox 713 2464 857 2541; x_wconf 81' lang='lat' dir='ltr'>scriptum</span> <span class='ocrx_word' id='word_1_155' title='bbox 880 2463 926 2542; x_wconf 83' lang='lat' dir='ltr'>sit,</span> <span class='ocrx_word' id='word_1_156' title='bbox 949 2464 1150 2541; x_wconf 83' lang='lat' dir='ltr'>intellegimus</span> <span class='ocrx_word' id='word_1_157' title='bbox 1167 2483 1228 2526; x_wconf 89' lang='lat' dir='ltr'>uon</span> 
     </span>
     <span class='ocr_line' id='line_1_20' title="bbox 100 2560 1229 2646; baseline 0.002 -20"><span class='ocrx_word' id='word_1_158' title='bbox 100 2569 194 2644; x_wconf 85' lang='lat' dir='ltr'>piane</span> <span class='ocrx_word' id='word_1_159' title='bbox 216 2560 457 2641; x_wconf 77' lang='lat' dir='ltr'>concinnitatis2)</span> <span class='ocrx_word' id='word_1_160' title='bbox 480 2565 563 2642; x_wconf 88' lang='lat' dir='ltr'>leges</span> <span class='ocrx_word' id='word_1_161' title='bbox 577 2566 706 2626; x_wconf 90' lang='lat' dir='ltr'>Dionem</span> <span class='ocrx_word' id='word_1_162' title='bbox 730 2567 787 2626; x_wconf 91' lang='lat' dir='ltr'>hoc</span> <span class='ocrx_word' id='word_1_163' title='bbox 807 2566 874 2627; x_wconf 91' lang='lat' dir='ltr'>loco</span> <span class='ocrx_word' id='word_1_164' title='bbox 890 2584 956 2627; x_wconf 88' lang='lat' dir='ltr'>esse</span> <span class='ocrx_word' id='word_1_165' title='bbox 972 2571 1117 2643; x_wconf 89' lang='lat' dir='ltr'>secutum,</span> <span class='ocrx_word' id='word_1_166' title='bbox 1140 2586 1229 2646; x_wconf 85' lang='lat' dir='ltr'>quem</span> 
     </span>
     <span class='ocr_line' id='line_1_21' title="bbox 100 2661 1230 2749; baseline 0.001 -20"><span class='ocrx_word' id='word_1_167' title='bbox 100 2671 140 2729; x_wconf 92' lang='lat' dir='ltr'>ob</span> <span class='ocrx_word' id='word_1_168' title='bbox 163 2688 225 2730; x_wconf 86' lang='lat' dir='ltr'>rem</span> <span class='ocrx_word' id='word_1_169' title='bbox 249 2667 278 2728; x_wconf 91' lang='lat' dir='ltr'>id</span> <span class='ocrx_word' id='word_1_170' title='bbox 303 2685 422 2745; x_wconf 86' lang='lat' dir='ltr'>quoque</span> <span class='ocrx_word' id='word_1_171' title='bbox 446 2667 533 2728; x_wconf 82' lang='lat' dir='ltr'>facile</span> <span class='ocrx_word' id='word_1_172' title='bbox 558 2668 681 2744; x_wconf 77' lang='lat' dir='ltr'>cogitari</span> <span class='ocrx_word' id='word_1_173' title='bbox 704 2673 803 2744; x_wconf 90' lang='lat' dir='ltr'>potest</span> <span class='ocrx_word' id='word_1_174' title='bbox 818 2670 884 2729; x_wconf 82' lang='lat' dir='ltr'>voci</span> <span class='ocrx_word' id='word_1_175' title='bbox 900 2661 999 2749; x_wconf 85' lang='grc' dir='ltr'><em>ζημία</em></span> <span class='ocrx_word' id='word_1_176' title='bbox 1014 2671 1175 2730; x_wconf 83' lang='lat' dir='ltr'>articulum</span> <span class='ocrx_word' id='word_1_177' title='bbox 1191 2672 1230 2731; x_wconf 79' lang='lat' dir='ltr'>ab</span> 
     </span>
     <span class='ocr_line' id='line_1_22' title="bbox 99 2759 1231 2852; baseline 0.001 -20"><span class='ocrx_word' id='word_1_178' title='bbox 99 2791 138 2833; x_wconf 88' lang='lat' dir='ltr'>co</span> <span class='ocrx_word' id='word_1_179' title='bbox 168 2772 352 2850; x_wconf 79' lang='lat' dir='ltr'>appositum,</span> <span class='ocrx_word' id='word_1_180' title='bbox 384 2771 526 2831; x_wconf 90' lang='lat' dir='ltr'>omissum</span> <span class='ocrx_word' id='word_1_181' title='bbox 554 2776 655 2830; x_wconf 83' lang='lat' dir='ltr'>eutem</span> <span class='ocrx_word' id='word_1_182' title='bbox 685 2775 843 2832; x_wconf 84' lang='lat' dir='ltr'>cessante</span> <span class='ocrx_word' id='word_1_183' title='bbox 866 2772 1084 2834; x_wconf 82' lang='lat' dir='ltr'>substantivum</span> <span class='ocrx_word' id='word_1_184' title='bbox 1108 2759 1231 2852; x_wconf 88' lang='grc' dir='ltr'><em>ἀτιμία.</em></span> 
     </span>
     <span class='ocr_line' id='line_1_23' title="bbox 99 2872 1230 2950; baseline 0.002 -16"><span class='ocrx_word' id='word_1_185' title='bbox 99 2877 200 2950; x_wconf 84' lang='lat' dir='ltr'>Quam</span> <span class='ocrx_word' id='word_1_186' title='bbox 230 2874 407 2934; x_wconf 77' lang='lat' dir='ltr'>sententium</span> <span class='ocrx_word' id='word_1_187' title='bbox 437 2873 462 2932; x_wconf 90' lang='lat' dir='ltr'>si</span> <span class='ocrx_word' id='word_1_188' title='bbox 493 2873 704 2950; x_wconf 72' lang='lat' dir='ltr'>amplecteris·</span> <span class='ocrx_word' id='word_1_189' title='bbox 729 2872 877 2944; x_wconf 88' lang='lat' dir='ltr'>concedes</span> <span class='ocrx_word' id='word_1_190' title='bbox 907 2874 1018 2935; x_wconf 90' lang='lat' dir='ltr'>codicis</span> <span class='ocrx_word' id='word_1_191' title='bbox 1050 2875 1177 2937; x_wconf 83' lang='lat' dir='ltr'>Perisiui</span> <span class='ocrx_word' id='word_1_192' title='bbox 1205 2877 1230 2936; x_wconf 95' lang='lat' dir='ltr'><strong>B</strong></span> 
     </span>
     <span class='ocr_line' id='line_1_24' title="bbox 99 2958 1230 3055; baseline 0 -17"><span class='ocrx_word' id='word_1_193' title='bbox 99 2977 296 3055; x_wconf 79' lang='lat' dir='ltr'>scripturam:</span> <span class='ocrx_word' id='word_1_194' title='bbox 320 2961 410 3035; x_wconf 80' lang='grc' dir='ltr'>ὅπου</span> <span class='ocrx_word' id='word_1_195' title='bbox 432 2968 468 3034; x_wconf 76' lang='grc' dir='ltr'>δὲ</span> <span class='ocrx_word' id='word_1_196' title='bbox 490 2958 510 3053; x_wconf 80' lang='grc' dir='ltr'><em>ἡ</em></span> <span class='ocrx_word' id='word_1_197' title='bbox 535 2960 648 3054; x_wconf 90' lang='grc' dir='ltr'><em>ἀτιμία</em></span> <span class='ocrx_word' id='word_1_198' title='bbox 669 2970 795 3053; x_wconf 80' lang='grc' dir='ltr'><em>μείζων</em></span> <span class='ocrx_word' id='word_1_199' title='bbox 817 2995 878 3037; x_wconf 91' lang='lat' dir='ltr'>non</span> <span class='ocrx_word' id='word_1_200' title='bbox 900 2995 1024 3037; x_wconf 89' lang='lat' dir='ltr'>necesse</span> <span class='ocrx_word' id='word_1_201' title='bbox 1040 2995 1106 3038; x_wconf 88' lang='lat' dir='ltr'>esse</span> <span class='ocrx_word' id='word_1_202' title='bbox 1122 2979 1152 3038; x_wconf 91' lang='lat' dir='ltr'>iu</span> <span class='ocrx_word' id='word_1_203' title='bbox 1168 2981 1230 3038; x_wconf 83' lang='lat' dir='ltr'>tex-</span> 
     </span>
     <span class='ocr_line' id='line_1_25' title="bbox 97 3079 1231 3158; baseline -0.001 -17"><span class='ocrx_word' id='word_1_204' title='bbox 97 3087 166 3142; x_wconf 89' lang='lat' dir='ltr'>tum</span> <span class='ocrx_word' id='word_1_205' title='bbox 197 3081 297 3158; x_wconf 84' lang='lat' dir='ltr'>recipi,</span> <span class='ocrx_word' id='word_1_206' title='bbox 333 3080 386 3140; x_wconf 92' lang='lat' dir='ltr'>sed</span> <span class='ocrx_word' id='word_1_207' title='bbox 416 3080 538 3157; x_wconf 82' lang='lat' dir='ltr'>probari</span> <span class='ocrx_word' id='word_1_208' title='bbox 568 3097 657 3157; x_wconf 87' lang='lat' dir='ltr'>posse</span> <span class='ocrx_word' id='word_1_209' title='bbox 688 3079 826 3140; x_wconf 89' lang='lat' dir='ltr'>editionis</span> <span class='ocrx_word' id='word_1_210' title='bbox 850 3082 982 3141; x_wconf 82' lang='lat' dir='ltr'>Venetos</span> <span class='ocrx_word' id='word_1_211' title='bbox 1006 3083 1097 3158; x_wconf 87' lang='lat' dir='ltr'>etque</span> <span class='ocrx_word' id='word_1_212' title='bbox 1120 3081 1231 3143; x_wconf 89' lang='lat' dir='ltr'>codicis</span> 
     </span>
     <span class='ocr_line' id='line_1_26' title="bbox 99 3167 1231 3265; baseline -0.002 -20"><span class='ocrx_word' id='word_1_213' title='bbox 99 3185 340 3245; x_wconf 76' lang='lat' dir='ltr'>Meci-manniani</span> <span class='ocrx_word' id='word_1_214' title='bbox 356 3179 416 3256; x_wconf 72' lang='lat' dir='ltr'>M3)</span> <span class='ocrx_word' id='word_1_215' title='bbox 436 3184 607 3244; x_wconf 89' lang='lat' dir='ltr'>lectionem:</span> <span class='ocrx_word' id='word_1_216' title='bbox 630 3167 721 3242; x_wconf 85' lang='grc' dir='ltr'>ὅπου</span> <span class='ocrx_word' id='word_1_217' title='bbox 741 3176 804 3261; x_wconf 80' lang='grc' dir='ltr'>μὲν</span> <span class='ocrx_word' id='word_1_218' title='bbox 826 3173 889 3261; x_wconf 82' lang='grc' dir='ltr'>γὰρ</span> <span class='ocrx_word' id='word_1_219' title='bbox 913 3172 1065 3242; x_wconf 81' lang='grc' dir='ltr'><em>ἐλάττων</em></span> <span class='ocrx_word' id='word_1_220' title='bbox 1087 3167 1108 3264; x_wconf 81' lang='grc' dir='ltr'><strong><em>ἡ</em></strong></span> <span class='ocrx_word' id='word_1_221' title='bbox 1132 3179 1231 3265; x_wconf 80' lang='grc' dir='ltr'><em>ζημία</em></span> 
     </span>
     <span class='ocr_line' id='line_1_27' title="bbox 98 3271 607 3364; baseline -0.004 -18"><span class='ocrx_word' id='word_1_222' title='bbox 98 3317 145 3330; x_wconf 92' lang='lat'>—-</span> <span class='ocrx_word' id='word_1_223' title='bbox 169 3271 258 3346; x_wconf 77' lang='grc' dir='ltr'>ὅπου</span> <span class='ocrx_word' id='word_1_224' title='bbox 282 3280 317 3346; x_wconf 86' lang='grc' dir='ltr'>δε</span> <span class='ocrx_word' id='word_1_225' title='bbox 340 3271 453 3364; x_wconf 77' lang='grc' dir='ltr'><em>ἀτιμία</em></span> <span class='ocrx_word' id='word_1_226' title='bbox 474 3280 607 3364; x_wconf 84' lang='grc' dir='ltr'><em>μείζων.</em></span> 
     </span>
    </p>
   </div>
   <div class='ocr_carea' id='block_1_3' title="bbox 92 3481 1235 4498">
    <p class='ocr_par' dir='ltr' id='par_1_4' title="bbox 95 3481 1234 3810">
     <span class='ocr_line' id='line_1_28' title="bbox 191 3481 1234 3554; baseline 0.002 -16"><span class='ocrx_word' id='word_1_227' title='bbox 191 3487 214 3554; x_wconf 90' lang='lat'>¹)</span> <span class='ocrx_word' id='word_1_228' title='bbox 232 3484 322 3538; x_wconf 83' lang='lat' dir='ltr'>Etiam</span> <span class='ocrx_word' id='word_1_229' title='bbox 334 3481 493 3552; x_wconf 78' lang='lat' dir='ltr'>Pflngkius,</span> <span class='ocrx_word' id='word_1_230' title='bbox 511 3483 594 3538; x_wconf 90' lang='lat' dir='ltr'>sicuti</span> <span class='ocrx_word' id='word_1_231' title='bbox 608 3483 754 3551; x_wconf 77' lang='lat' dir='ltr'>Empeuius</span> <span class='ocrx_word' id='word_1_232' title='bbox 773 3483 897 3552; x_wconf 79' lang='lat' dir='ltr'>adnotat,</span> <span class='ocrx_word' id='word_1_233' title='bbox 915 3482 990 3538; x_wconf 88' lang='lat' dir='ltr'>illem</span> <span class='ocrx_word' id='word_1_234' title='bbox 1009 3484 1154 3554; x_wconf 85' lang='lat' dir='ltr'>amplexus</span> <span class='ocrx_word' id='word_1_235' title='bbox 1172 3491 1234 3540; x_wconf 78' lang='lat' dir='ltr'>eret</span> 
     </span>
     <span class='ocr_line' id='line_1_29' title="bbox 96 3568 1233 3640; baseline -0.001 -13"><span class='ocrx_word' id='word_1_236' title='bbox 96 3570 287 3639; x_wconf 67' lang='lat' dir='ltr'>sententiam</span> <span class='ocrx_word' id='word_1_237' title='bbox 316 3568 436 3625; x_wconf 75' lang='lat' dir='ltr'>schedae</span> <span class='ocrx_word' id='word_1_238' title='bbox 454 3573 556 3638; x_wconf 86' lang='lat' dir='ltr'>sutem,</span> <span class='ocrx_word' id='word_1_239' title='bbox 573 3569 621 3623; x_wconf 92' lang='lat' dir='ltr'>ubi</span> <span class='ocrx_word' id='word_1_240' title='bbox 640 3568 675 3622; x_wconf 91' lang='lat' dir='ltr'>de</span> <span class='ocrx_word' id='word_1_241' title='bbox 694 3568 755 3636; x_wconf 91' lang='lat' dir='ltr'>hoo,</span> <span class='ocrx_word' id='word_1_242' title='bbox 774 3568 858 3624; x_wconf 89' lang='lat' dir='ltr'>sicuti</span> <span class='ocrx_word' id='word_1_243' title='bbox 877 3569 912 3624; x_wconf 90' lang='lat' dir='ltr'>de</span> <span class='ocrx_word' id='word_1_244' title='bbox 930 3570 1077 3639; x_wconf 86' lang='lat' dir='ltr'>permultis</span> <span class='ocrx_word' id='word_1_245' title='bbox 1094 3570 1156 3625; x_wconf 78' lang='lat' dir='ltr'>eliis</span> <span class='ocrx_word' id='word_1_246' title='bbox 1174 3572 1233 3640; x_wconf 80' lang='lat' dir='ltr'>egit</span> 
     </span>
     <span class='ocr_line' id='line_1_30' title="bbox 95 3654 1232 3727; baseline 0 -15"><span class='ocrx_word' id='word_1_247' title='bbox 95 3657 184 3726; x_wconf 85' lang='lat' dir='ltr'>locis,</span> <span class='ocrx_word' id='word_1_248' title='bbox 202 3671 343 3726; x_wconf 79' lang='lat' dir='ltr'>uunquam</span> <span class='ocrx_word' id='word_1_249' title='bbox 362 3656 502 3727; x_wconf 84' lang='lat' dir='ltr'>inlucem</span> <span class='ocrx_word' id='word_1_250' title='bbox 520 3654 658 3724; x_wconf 83' lang='lat' dir='ltr'>prodiere,</span> <span class='ocrx_word' id='word_1_251' title='bbox 681 3654 732 3708; x_wconf 89' lang='lat' dir='ltr'>sed</span> <span class='ocrx_word' id='word_1_252' title='bbox 749 3655 880 3724; x_wconf 84' lang='lat' dir='ltr'>Emperio</span> <span class='ocrx_word' id='word_1_253' title='bbox 899 3655 951 3712; x_wconf 87' lang='lat' dir='ltr'>soli</span> <span class='ocrx_word' id='word_1_254' title='bbox 968 3671 1019 3725; x_wconf 85' lang='lat' dir='ltr'>per</span> <span class='ocrx_word' id='word_1_255' title='bbox 1035 3655 1232 3726; x_wconf 83' lang='lat' dir='ltr'>Merqusrdum</span> 
     </span>
     <span class='ocr_line' id='line_1_31' title="bbox 95 3731 856 3810; baseline -0.003 -14"><span class='ocrx_word' id='word_1_256' title='bbox 95 3742 185 3797; x_wconf 89' lang='lat' dir='ltr'>licuit</span> <span class='ocrx_word' id='word_1_257' title='bbox 203 3757 250 3796; x_wconf 85' lang='lat' dir='ltr'>ees</span> <span class='ocrx_word' id='word_1_258' title='bbox 268 3731 404 3810; x_wconf 79' lang='lat' dir='ltr'>usurpare</span> <span class='ocrx_word' id='word_1_259' title='bbox 420 3738 469 3808; x_wconf 68' lang='lat' dir='ltr'>(cf,</span> <span class='ocrx_word' id='word_1_260' title='bbox 488 3742 567 3810; x_wconf 85' lang='lat' dir='ltr'><strong>Emp.</strong></span> <span class='ocrx_word' id='word_1_261' title='bbox 586 3739 674 3809; x_wconf 80' lang='lat' dir='ltr'>prees.</span> <span class='ocrx_word' id='word_1_262' title='bbox 692 3756 719 3809; x_wconf 88' lang='lat' dir='ltr'>p.</span> <span class='ocrx_word' id='word_1_263' title='bbox 735 3738 774 3793; x_wconf 91' lang='lat' dir='ltr'>VI</span> <span class='ocrx_word' id='word_1_264' title='bbox 791 3739 807 3809; x_wconf 82' lang='lat'>§</span> <span class='ocrx_word' id='word_1_265' title='bbox 836 3743 856 3808; x_wconf 91' lang='grc'>).</span> 
     </span>
    </p>

    <p class='ocr_par' dir='ltr' id='par_1_5' title="bbox 92 3824 1234 4325">
     <span class='ocr_line' id='line_1_32' title="bbox 194 3824 1234 3897; baseline 0 -15"><span class='ocrx_word' id='word_1_266' title='bbox 194 3829 217 3894; x_wconf 74' lang='lat'>²)</span> <span class='ocrx_word' id='word_1_267' title='bbox 234 3827 296 3882; x_wconf 84' lang='lat' dir='ltr'>Non</span> <span class='ocrx_word' id='word_1_268' title='bbox 321 3827 389 3882; x_wconf 85' lang='lat' dir='ltr'>setis</span> <span class='ocrx_word' id='word_1_269' title='bbox 411 3831 543 3881; x_wconf 76' lang='lat' dir='ltr'>accurate</span> <span class='ocrx_word' id='word_1_270' title='bbox 568 3824 620 3879; x_wconf 90' lang='lat' dir='ltr'>hoc</span> <span class='ocrx_word' id='word_1_271' title='bbox 638 3825 701 3879; x_wconf 93' lang='lat' dir='ltr'>loco</span> <span class='ocrx_word' id='word_1_272' title='bbox 719 3825 918 3881; x_wconf 79' lang='lat' dir='ltr'>concinnitatis</span> <span class='ocrx_word' id='word_1_273' title='bbox 936 3841 1006 3882; x_wconf 90' lang='lat' dir='ltr'>voce</span> <span class='ocrx_word' id='word_1_274' title='bbox 1024 3842 1075 3896; x_wconf 87' lang='lat' dir='ltr'>pro</span> <span class='ocrx_word' id='word_1_275' title='bbox 1093 3827 1234 3897; x_wconf 72' lang='lat' dir='ltr'>anaphora</span> 
     </span>
     <span class='ocr_line' id='line_1_33' title="bbox 93 3911 1233 3983; baseline -0.001 -15"><span class='ocrx_word' id='word_1_276' title='bbox 93 3930 147 3970; x_wconf 91' lang='lat' dir='ltr'>me</span> <span class='ocrx_word' id='word_1_277' title='bbox 167 3929 248 3968; x_wconf 87' lang='lat' dir='ltr'>usum</span> <span class='ocrx_word' id='word_1_278' title='bbox 267 3929 330 3969; x_wconf 86' lang='lat' dir='ltr'>esse</span> <span class='ocrx_word' id='word_1_279' title='bbox 348 3913 432 3982; x_wconf 82' lang='lat' dir='ltr'>plane</span> <span class='ocrx_word' id='word_1_280' title='bbox 449 3911 514 3966; x_wconf 89' lang='lat' dir='ltr'>mihi</span> <span class='ocrx_word' id='word_1_281' title='bbox 533 3912 661 3967; x_wconf 90' lang='lat' dir='ltr'>conscius</span> <span class='ocrx_word' id='word_1_282' title='bbox 680 3928 749 3982; x_wconf 89' lang='lat' dir='ltr'>sum,</span> <span class='ocrx_word' id='word_1_283' title='bbox 767 3917 917 3982; x_wconf 81' lang='lat' dir='ltr'>propterea</span> <span class='ocrx_word' id='word_1_284' title='bbox 935 3913 1011 3983; x_wconf 88' lang='lat' dir='ltr'>quod</span> <span class='ocrx_word' id='word_1_285' title='bbox 1028 3914 1080 3969; x_wconf 88' lang='lat' dir='ltr'>sub</span> <span class='ocrx_word' id='word_1_286' title='bbox 1093 3913 1233 3969; x_wconf 91' lang='lat' dir='ltr'>concinni-</span> 
     </span>
     <span class='ocr_line' id='line_1_34' title="bbox 93 3997 1233 4066; baseline -0.001 -11"><span class='ocrx_word' id='word_1_287' title='bbox 93 4001 172 4055; x_wconf 75' lang='lat' dir='ltr'>tatis</span> <span class='ocrx_word' id='word_1_288' title='bbox 190 4014 261 4054; x_wconf 84' lang='lat' dir='ltr'>voce</span> <span class='ocrx_word' id='word_1_289' title='bbox 279 4015 335 4054; x_wconf 92' lang='lat' dir='ltr'>uon</span> <span class='ocrx_word' id='word_1_290' title='bbox 355 3999 442 4054; x_wconf 87' lang='lat' dir='ltr'>solum</span> <span class='ocrx_word' id='word_1_291' title='bbox 462 3997 604 4066; x_wconf 76' lang='lat' dir='ltr'>anaphora</span> <span class='ocrx_word' id='word_1_292' title='bbox 614 3997 805 4064; x_wconf 79' lang='lat' dir='ltr'>intellegenda</span> <span class='ocrx_word' id='word_1_293' title='bbox 817 4002 868 4065; x_wconf 89' lang='lat' dir='ltr'>est,</span> <span class='ocrx_word' id='word_1_294' title='bbox 887 4013 984 4054; x_wconf 88' lang='lat' dir='ltr'>verum</span> <span class='ocrx_word' id='word_1_295' title='bbox 996 3999 1079 4053; x_wconf 86' lang='lat' dir='ltr'>etiem</span> <span class='ocrx_word' id='word_1_296' title='bbox 1091 3999 1233 4054; x_wconf 85' lang='lat' dir='ltr'>chissmus</span> 
     </span>
     <span class='ocr_line' id='line_1_35' title="bbox 92 4081 1233 4155; baseline -0.002 -15"><span class='ocrx_word' id='word_1_297' title='bbox 92 4084 153 4154; x_wconf 84' lang='lat' dir='ltr'>(cs.</span> <span class='ocrx_word' id='word_1_298' title='bbox 174 4083 423 4154; x_wconf 75' lang='lat' dir='ltr'>Naegelsbachius,</span> <span class='ocrx_word' id='word_1_299' title='bbox 441 4081 620 4139; x_wconf 85' lang='lat' dir='ltr'>Leteinische</span> <span class='ocrx_word' id='word_1_300' title='bbox 638 4081 774 4138; x_wconf 79' lang='lat' dir='ltr'>Stilistik⁴</span> <span class='ocrx_word' id='word_1_301' title='bbox 791 4100 818 4153; x_wconf 88' lang='lat' dir='ltr'>p.</span> <span class='ocrx_word' id='word_1_302' title='bbox 831 4087 902 4149; x_wconf 79' lang='lat'>471).</span> <span class='ocrx_word' id='word_1_303' title='bbox 937 4083 994 4139; x_wconf 83' lang='lat' dir='ltr'>Sed</span> <span class='ocrx_word' id='word_1_304' title='bbox 1011 4100 1074 4139; x_wconf 88' lang='lat' dir='ltr'>cum</span> <span class='ocrx_word' id='word_1_305' title='bbox 1089 4099 1233 4155; x_wconf 71' lang='lat' dir='ltr'>nunquam</span> 
     </span>
     <span class='ocr_line' id='line_1_36' title="bbox 93 4168 1234 4242; baseline 0.001 -17"><span class='ocrx_word' id='word_1_306' title='bbox 93 4169 166 4227; x_wconf 81' lang='lat' dir='ltr'>sere</span> <span class='ocrx_word' id='word_1_307' title='bbox 185 4169 267 4239; x_wconf 90' lang='lat' dir='ltr'>Dion,</span> <span class='ocrx_word' id='word_1_308' title='bbox 285 4169 339 4224; x_wconf 90' lang='lat' dir='ltr'>uisi</span> <span class='ocrx_word' id='word_1_309' title='bbox 356 4169 463 4224; x_wconf 81' lang='lat' dir='ltr'>histum</span> <span class='ocrx_word' id='word_1_310' title='bbox 482 4168 585 4224; x_wconf 82' lang='lat' dir='ltr'>evitare</span> <span class='ocrx_word' id='word_1_311' title='bbox 598 4169 703 4237; x_wconf 88' lang='lat' dir='ltr'>studet,</span> <span class='ocrx_word' id='word_1_312' title='bbox 721 4168 845 4224; x_wconf 78' lang='lat' dir='ltr'>chiesmo</span> <span class='ocrx_word' id='word_1_313' title='bbox 858 4174 959 4238; x_wconf 81' lang='lat' dir='ltr'>utetur,</span> <span class='ocrx_word' id='word_1_314' title='bbox 977 4170 1137 4242; x_wconf 84' lang='lat' dir='ltr'>snsphoree</span> <span class='ocrx_word' id='word_1_315' title='bbox 1148 4175 1234 4240; x_wconf 78' lang='lat' dir='ltr'>etque</span> 
     </span>
     <span class='ocr_line' id='line_1_37' title="bbox 92 4253 1053 4325; baseline -0.003 -12"><span class='ocrx_word' id='word_1_316' title='bbox 92 4256 305 4313; x_wconf 81' lang='lat' dir='ltr'>concinnitatis</span> <span class='ocrx_word' id='word_1_317' title='bbox 323 4256 440 4311; x_wconf 87' lang='lat' dir='ltr'>vocibus</span> <span class='ocrx_word' id='word_1_318' title='bbox 458 4255 531 4310; x_wconf 90' lang='lat' dir='ltr'>idem</span> <span class='ocrx_word' id='word_1_319' title='bbox 549 4253 608 4310; x_wconf 83' lang='lat' dir='ltr'>fere</span> <span class='ocrx_word' id='word_1_320' title='bbox 626 4255 702 4324; x_wconf 77' lang='lat' dir='ltr'>opud</span> <span class='ocrx_word' id='word_1_321' title='bbox 720 4269 781 4309; x_wconf 88' lang='lat' dir='ltr'>eum</span> <span class='ocrx_word' id='word_1_322' title='bbox 801 4255 961 4325; x_wconf 80' lang='lat' dir='ltr'>siguificare</span> <span class='ocrx_word' id='word_1_323' title='bbox 979 4257 1053 4312; x_wconf 87' lang='lat' dir='ltr'>iicet.</span> 
     </span>
    </p>

    <p class='ocr_par' dir='ltr' id='par_1_6' title="bbox 93 4336 1235 4498">
     <span class='ocr_line' id='line_1_38' title="bbox 193 4336 1235 4412; baseline 0.001 -15"><span class='ocrx_word' id='word_1_324' title='bbox 193 4344 216 4409; x_wconf 83' lang='lat'>³]</span> <span class='ocrx_word' id='word_1_325' title='bbox 234 4341 353 4397; x_wconf 83' lang='lat' dir='ltr'>Librarii</span> <span class='ocrx_word' id='word_1_326' title='bbox 371 4340 550 4411; x_wconf 79' lang='lat' dir='ltr'>neglegentis</span> <span class='ocrx_word' id='word_1_327' title='bbox 566 4340 595 4394; x_wconf 91' lang='lat' dir='ltr'>io</span> <span class='ocrx_word' id='word_1_328' title='bbox 613 4340 838 4397; x_wconf 82' lang='lat' dir='ltr'>Meermsnuiauo</span> <span class='ocrx_word' id='word_1_329' title='bbox 856 4341 884 4395; x_wconf 81' lang='grc' dir='ltr'><strong>Μ</strong></span> <span class='ocrx_word' id='word_1_330' title='bbox 901 4356 952 4412; x_wconf 86' lang='lat' dir='ltr'>pro</span> <span class='ocrx_word' id='word_1_331' title='bbox 971 4336 1001 4396; x_wconf 78' lang='grc' dir='ltr'>δέ</span> <span class='ocrx_word' id='word_1_332' title='bbox 1015 4343 1091 4398; x_wconf 88' lang='lat' dir='ltr'>inest</span> <span class='ocrx_word' id='word_1_333' title='bbox 1102 4336 1144 4412; x_wconf 80' lang='grc' dir='ltr'>δή,</span> <span class='ocrx_word' id='word_1_334' title='bbox 1163 4357 1235 4412; x_wconf 84' lang='lat' dir='ltr'>quse</span> 
     </span>
     <span class='ocr_line' id='line_1_39' title="bbox 93 4425 859 4498; baseline -0.004 -14"><span class='ocrx_word' id='word_1_335' title='bbox 93 4431 181 4484; x_wconf 81' lang='lat' dir='ltr'>duse</span> <span class='ocrx_word' id='word_1_336' title='bbox 199 4443 285 4482; x_wconf 85' lang='lat' dir='ltr'>voces</span> <span class='ocrx_word' id='word_1_337' title='bbox 304 4427 468 4498; x_wconf 78' lang='lat' dir='ltr'>saepissime</span> <span class='ocrx_word' id='word_1_338' title='bbox 486 4442 503 4481; x_wconf 85' lang='grc' dir='ltr'>ιι</span> <span class='ocrx_word' id='word_1_339' title='bbox 520 4425 638 4481; x_wconf 76' lang='lat' dir='ltr'>librariis</span> <span class='ocrx_word' id='word_1_340' title='bbox 656 4431 859 4495; x_wconf 83' lang='lat' dir='ltr'>permutantur.</span> 
     </span>
    </p>
   </div>
   <div class='ocr_carea' id='block_1_4' title="bbox 1047 4529 1079 4582">
    <p class='ocr_par' dir='ltr' id='par_1_7' title="bbox 1047 4529 1079 4582">
     <span class='ocr_line' id='line_1_40' title="bbox 1047 4529 1079 4582; baseline 0 -20"><span class='ocrx_word' id='word_1_341' title='bbox 1047 4529 1079 4582; x_wconf 68' lang='grc'>3*</span> 
     </span>
    </p>
   </div>
   <div class='ocr_carea' id='block_1_5' title="bbox 0 0 1612 5044">
    <p class='ocr_par' dir='ltr' id='par_1_8' title="bbox 0 0 1612 5044">
     <span class='ocr_line' id='line_1_41' title="bbox 0 0 1612 5044; baseline 0 2"><span class='ocrx_word' id='word_1_342' title='bbox 0 0 1612 5044; x_wconf 95' lang='lat' dir='ltr'> </span> 
     </span>
    </p>
   </div>
  </div>
 </body>
</html>
