3216 5044
383 381 424 442 58

354 537 360 548 ’
379 548 464 610 'ricae
481 549 557 610 enim
573 548 697 626 paredo,
720 567 798 627 quae
814 552 933 610 constat
951 567 988 610 ex
1003 550 1180 626 anapaestis,
1203 550 1343 611 traditum
1361 555 1406 612 est
1425 545 1498 611 Ταν-

384 644 527 709 ταλιδᾶν
549 649 603 724 (vs.
619 653 678 712 192
700 650 745 712 ed.
761 650 949 724 Kirebhoff.]‚
970 655 1061 728 atque
1077 652 1165 712 etiam
1179 651 1208 710 in
1226 650 1331 713 Oreste
1347 653 1498 732 Euripides

382 753 512 813 fortasse
534 752 678 830 praetulit
698 752 775 814 hanc
796 749 955 825 formam.¹)

470 854 522 916 Or.
541 856 584 915 ΠΙ
600 859 650 933 41,
665 860 697 916 4:
722 840 796 914 ἀλλ’
806 843 909 926 αύτὸς
923 852 1059 934 πρῶτος
1075 846 1271 934 διαρπάζων
1285 873 1322 916 τε
1337 851 1395 916 καὶ
1410 855 1500 934 φθεί-

385 974 457 1037 ρων
479 951 622 1028 καὶτοῖς
638 944 754 1029 ἄλλοις
769 949 967 1036 ἐπιτρέπων.
1012 960 1098 1018 Hanc
1121 960 1306 1037 scripturam,
1329 979 1408 1036 qnae
1430 963 1502 1022 inest

385 1062 418 1130 in,
448 1059 600 1121 codicibus
628 1061 755 1139 POVB,
785 1060 990 1138 probaverunt
1020 1061 1178 1137 Emporius
1209 1067 1240 1122 et
1271 1062 1444 1124 Dindorfins
1474 1066 1514 1122 in.

386 1163 593 1240 editionesque
614 1168 803 1240 receperunt.
847 1165 881 1223 ln
904 1162 1058 1225 codicibus
1077 1167 1175 1223 autem
1192 1162 1252 1224 No
1275 1169 1306 1224 et
1327 1166 1357 1224 in
1378 1165 1503 1228 editione

386 1268 502 1326 Veneta
529 1258 763 1343 properique
792 1266 937 1342 seriptum
960 1265 1096 1326 videmus
1119 1258 1339 1343 διαφθείρων,
1367 1266 1397 1326 id
1426 1267 1502 1345 quod

386 1368 540 1428 meliorum
568 1365 703 1428 codicum
733 1370 901 1444 scripturae
929 1366 1160 1445 praeferendum
1189 1386 1255 1428 esse
1281 1387 1398 1430 censeo.
1442 1371 1503 1430 Hoc

387 1471 464 1532 enim
487 1470 553 1530 loeo
576 1469 714 1531 Socrates
737 1468 774 1530 de
798 1469 875 1529 malo
898 1488 970 1547 rege
993 1487 1096 1548 agens,
1119 1474 1306 1548 quantopere
1329 1471 1378 1532 ille
1395 1472 1504 1549 vitupe-

387 1571 501 1633 randus
527 1573 575 1650 sit,
601 1571 868 1633 vehementissimis
890 1572 1019 1632 illustrat
1045 1572 1144 1632 verbis
1170 1591 1268 1650 neque
1294 1575 1449 1652 simplicia,
1476 1579 1505 1634 ut

387 1675 416 1735 id
433 1675 585 1752 depingat,
607 1675 633 1734 ei
649 1673 802 1735 sufficiunt
817 1674 920 1752 verba,
942 1673 995 1734 sed
1012 1675 1184 1752 compositis
1199 1677 1303 1753 utitur,
1324 1677 1408 1737 velut
1428 1693 1505 1756 προ-

388 1766 584 1855 νοούμενος,
612 1763 810 1855 ἀπαμύνων,
837 1766 1075 1856 προφολάζων,
1103 1767 1307 1857 διαρπάζων.
1354 1780 1449 1854 Quam
1472 1781 1506 1840 ob

388 1899 450 1940 rem
479 1880 566 1940 etiam
589 1880 713 1940 verbum
742 1872 951 1958 διαφθείρων
980 1881 1134 1958 scripsisse
1161 1883 1298 1956 Dionem,
1330 1901 1389 1944 nou
1416 1877 1507 1959 φθεί-

373 1998 469 2062 ρων,
491 1981 634 2042 credibile
657 1987 709 2043 est.

477 2083 561 2158 Quae
586 2085 719 2161 genuina
744 2083 836 2144 fuerit
863 2084 1020 2162 archetypi
1047 2085 1210 2162 scriptura,
1241 2087 1333 2147 multo
1360 2084 1508 2146 difficilius

390 2191 435 2246 est
457 2184 624 2245 diiudicare
646 2203 690 2245 or.
709 2185 753 2244 III
773 2188 822 2263 69,
842 2190 870 2260 2,
892 2185 943 2246 ubi
966 2184 1086 2246 codices
1105 2185 1158 2246 Pu
1181 2186 1258 2247 haee
1279 2187 1434 2247 exhibent:
1457 2181 1510 2244 καὶ

390 2271 429 2346 τὸ
451 2280 513 2366 μὲν
535 2281 629 2365 σῶμα
654 2277 826 2365 παρούσης
852 2271 942 2365 αύτῷ
969 2276 1077 2365 μόνον
1104 2277 1302 2346 αἰσθάνεται
1328 2285 1387 2366 τῆς
1416 2273 1510 2367 ἄλγη·

391 2379 500 2465 δόνος,
522 2390 552 2449 in
576 2388 658 2450 libris
681 2395 779 2450 autem
800 2389 859 2452 ΝΟ
887 2393 917 2452 et
937 2391 968 2449 in
991 2390 1122 2451 editione
1137 2393 1253 2451 Veneta
1274 2392 1367 2452 inest:
1395 2385 1451 2449 καὶ
1473 2381 1510 2448 τὸ

389 2485 449 2570 μὲν
472 2488 566 2569 σῶμα
588 2477 673 2550 aene
696 2482 869 2572 παρούσης
891 2481 998 2570 μόνον
1020 2483 1218 2552 αἰσθάνεται
1240 2489 1301 2572 τῆς
1318 2477 1511 2572 ἀλγηδόνος

391 2575 508 2656 codicis
524 2594 654 2672 denique
676 2594 803 2654 Parisini
824 2596 848 2654 B
875 2597 1034 2672 scriptura:
1064 2589 1121 2653 καὶ
1148 2584 1188 2653 τὸ
1215 2588 1275 2673 μὲν
1299 2591 1394 2673 σῶμα
1420 2581 1512 2673 αύτῷ

390 2682 562 2777 παρούσης
587 2686 695 2774 μόνον
723 2687 919 2756 αἰσθάνεται
945 2694 1005 2773 τῆς
1033 2683 1216 2778 ἀλγηδόνος
1242 2697 1355 2759 nullius
1381 2702 1428 2758 est
1455 2716 1513 2758 mo·

391 2801 491 2875 menti,
519 2799 600 2877 qnod
623 2784 717 2878 αύτῷ
738 2786 912 2880 παρούσης
938 2821 974 2873 „a
997 2799 1185 2861 correctore“
1211 2803 1306 2861 textui
1333 2802 1513 2862 inculcatum

392 2909 445 2964 est.
492 2904 603 2964 Earum
631 2903 793 2963 lectionum
822 2904 903 2980 quod
931 2909 1067 2965 neutram
1096 2905 1254 2981 Emperius
1284 2909 1314 2964 et
1340 2905 1514 2964 Dindorlins

391 3007 606 3083 probaverunt,
629 3010 711 3066 recte
727 3007 791 3066 sine
807 3007 898 3067 dubio
917 3006 1063 3068 fecerunt.
1107 3006 1165 3067 Sed
1181 3007 1313 3083 Emperii
1330 3009 1515 3068 coniectura:

391 3105 449 3168 καὶ
471 3098 511 3167 τὸ
533 3101 594 3187 μὲν
617 3105 713 3187 σῶμα
735 3093 820 3168 αύτό
842 3099 950 3187 μόνον
965 3098 1137 3189 παρούσης
1158 3099 1357 3168 αἰσθάνεται
1379 3106 1438 3188 τῆς
1464 3096 1515 3167 ἀλ-

391 3200 535 3290 γηδόνος
557 3216 719 3290 propterea
740 3212 862 3289 probari
885 3231 945 3272 non
968 3231 1058 3290 posse
1081 3212 1152 3272 mihi
1174 3211 1301 3283 videtur,
1325 3210 1407 3288 quod
1431 3211 1516 3271 dubi·

392 3317 496 3377 tationi
523 3334 625 3376 ansam
653 3316 784 3394 praebet.
828 3317 908 3376 Fieri
936 3317 1012 3376 enim
1041 3318 1147 3392 potest,
1178 3319 1211 3375 ut
1236 3333 1404 3392 pronomen
1432 3298 1516 3372 αύτύ

394 3437 461 3480 cum
484 3420 673 3480 substantivo
689 3415 792 3498 σῶμα,
816 3418 991 3479 adverbium
1015 3424 1113 3479 autem
1136 3402 1244 3496 μόνον
1268 3436 1334 3477 eum
1356 3417 1516 3494 participio

394 3511 567 3603 παρούσης
603 3523 815 3598 coniungatnr3
848 3526 1004 3598 praeterea
1040 3525 1139 3581 autem
1174 3521 1260 3581 etiam
1295 3519 1352 3579 boc
1384 3519 1517 3595 cogitare

394 3643 553 3704 possumus
585 3625 677 3685 verba
708 3609 793 3683 αύτό
825 3613 933 3702 μόνον
963 3623 1176 3683 adverbialiter
1210 3620 1414 3697 intellegenda
1445 3638 1520 3680 esse.

395 3723 490 3806 Qualn
513 3747 619 3790 sensus
642 3729 864 3805 ambiguitatem
888 3744 1068 3804 quamquam
1093 3725 1214 3786 sustulit
1235 3722 1410 3785 Dindorfius
1436 3723 1519 3782 hune

395 3834 555 3893 verborum
578 3831 711 3892 ordinem
734 3830 906 3890 restituens:
929 3823 985 3888 καὶ
1000 3815 1039 3887 τὸ
1055 3821 1115 3906 μὲν
1131 3823 1225 3905 σῶμα
1243 3816 1419 3907 παρούσης
1434 3811 1519 3884 αὐτὸ

395 3926 502 4014 μόνον
525 3921 724 3994 αἰσθάνεται
746 3931 805 4014 τῆς
820 3919 1015 4014 ἀλγηδόνος,
1039 3953 1075 3993 ex
1099 3952 1163 3993 mea
1185 3938 1285 3994 tamen
1308 3933 1461 3992 sententia
1485 3948 1520 3990 ne

485 4102 504 4170 ²)
523 4099 604 4165 Quod
620 4100 656 4154 ad
668 4100 782 4154 alteram
795 4099 949 4168 scripturae
962 4097 1152 4152 diversitatem
1169 4095 1279 4163 attinet,
1297 4095 1414 4165 cogitari
1425 4097 1523 4162 potest

397 4187 516 4241 Diouem
534 4201 590 4240 nou
608 4190 736 4240 accurate
754 4185 902 4254 scripsisse
921 4176 1024 4254 ὁρᾶται
1043 4189 1072 4237 ct
1088 4185 1140 4238 hoc
1158 4197 1193 4238 ex
1206 4181 1341 4251 Euripide
1358 4179 1388 4234 in
1400 4177 1522 4234 meliori-

399 4272 452 4327 bus
463 4271 544 4326 libris
556 4286 619 4326 esse
632 4276 798 4340 correctum3
817 4272 866 4326 sed
885 4269 1002 4340 cogitari
1020 4270 1100 4326 etiam
1113 4273 1209 4342 potest
1226 4261 1329 4338 ὁρᾶται
1342 4266 1441 4323 vitium
1455 4278 1523 4322 esse

399 4355 528 4412 codicum
546 4356 724 4410 deteriorum.
