3216 5044
1159 426 1197 483 31

90 584 114 650 εἰ
133 579 239 665 οὕτως
262 585 387 671 οἴχεται
411 582 450 673 δὴ
472 582 596 662 κάλλος
618 585 653 667 ἐξ
676 577 882 672 despesos,
906 594 955 653 ubi
979 594 1057 653 Dion
1080 595 1200 654 tertium

88 697 180 757 tribuit
202 696 300 756 locum
323 697 489 773 particulae
513 685 565 774 δή,
588 714 769 773 quamquam
792 697 964 773 saepissime
988 697 1040 757 illa
1059 715 1133 757 voce
1156 696 1201 755 vis

87 798 210 859 adverbii
227 783 338 870 οὕτως
360 803 496 875 augetur.
541 799 733 876 Quapropter
748 800 907 876 Emporius
924 805 1014 876 atque
1030 798 1203 859 Dindorlius

87 921 138 961 non
168 905 250 962 recte
282 903 353 961 mihi
382 903 522 963 videntur
552 902 659 962 fecisse
689 903 851 978 probantes
882 902 993 962 codicis
1020 904 1149 962 Parisini
1178 905 1201 962 B

85 1005 263 1079 scripturam,
290 1007 466 1080 praesertim
489 1023 555 1064 cum
579 1023 754 1082 cognoscas,
777 1006 800 1063 si
825 1006 995 1065 accuratius
1018 1007 1047 1065 in
1067 1006 1150 1065 illum
1170 1007 1203 1065 li·

85 1108 163 1165 brum
186 1108 315 1166 anImum
342 1107 483 1183 intendis,
510 1108 631 1184 saepius
654 1107 814 1166 verborum
842 1106 975 1167 ordinem
1003 1108 1032 1166 in
1056 1108 1202 1168 oodioeB

85 1229 187 1286 magna
214 1228 281 1269 cnm
310 1210 448 1269 libertate
476 1213 620 1269 mutatum
644 1227 720 1287 esse,
748 1210 828 1286 qnod
858 1213 890 1269 ut
913 1210 1122 1288 demonstrem,
1148 1212 1203 1271 hos

84 1311 227 1387 proferam
251 1313 347 1373 locos:
375 1314 606 1384 01·.v1154‚1:
631 1315 654 1372 B
678 1301 743 1390 ὲγοὸ
762 1309 889 1371 τοῦτου
911 1301 1024 1386 πάλαι,
1048 1292 1141 1374 ΟΜΜ
1158 1314 1203 1374 ed.

83 1417 153 1474 Ven.
173 1405 239 1491 ἐγώ
255 1406 361 1474 πάλαι
377 1414 513 1476 τούτου.
528 1449 570 1458 -
590 1437 632 1478 or.
647 1418 716 1476 XIV
732 1422 761 1495 4,
776 1422 808 1477 4:
831 1419 855 1477 B
877 1414 982 1477 τοῦτο
999 1408 1104 1477 καλὸν
1119 1408 1203 1478 εῐυαι

82 1511 192 1589 οἴεται,
224 1521 252 1577 Μ
273 1519 319 1579 ed.
336 1521 409 1579 Ven.
436 1517 539 1579 rodco
563 1509 670 1579 καλὸν
692 1513 798 1579 οἴεται
826 1509 920 1579 εἶναι.
943 1551 986 1561 -
1013 1541 1056 1581 or.
1076 1522 1203 1582 XXXIII

82 1625 128 1692 57,
144 1624 182 1682 5:-
198 1623 222 1680 B
245 1612 436 1697 ἐφύλαττον
450 1612 493 1680 τὰ
508 1601 588 1696 ὦτα,
611 1624 697 1683 ΜΜΑ
713 1624 758 1682 cd.
772 1625 845 1682 Ven.
859 1608 902 1681 τὰ
917 1602 988 1681 οὖτα
1004 1613 1204 1699 ἐφύλαττον.

83 1754 118 1762 -
142 1725 423 1795 01·.xxxxv1114‚
440 1731 472 1786 3:
495 1726 519 1784 B
540 1731 696 1802 φρονεῖτε
712 1718 805 1803 μέγα,
828 1726 858 1784 Μ
874 1725 920 1785 ed.
933 1728 1007 1786 Ven.
1026 1721 1108 1804 μέγα
1123 1743 1205 1806 φρο-

81 1832 172 1884 νεῖτε.
198 1858 236 1866 -
261 1846 302 1886 or.
325 1828 433 1886 XXXX
457 1832 505 1904 12,
522 1833 553 1888 7:
578 1821 673 1886 δοκεῖ
693 1819 775 1905 ε’μοί,
799 1828 830 1886 Μ
846 1828 892 1888 ed.
906 1829 980 1888 Ven.
1004 1820 1077 1906 ἐμοὶ
1101 1823 1201 1888 δοκεῖ.
1227 1826 1239 1850 “

163 1929 212 1990 Or.
229 1930 326 1988 XXXI
347 1934 396 2006 62,
417 1935 435 1991 6
464 1931 492 1989 in
516 1931 620 1990 codice
644 1932 888 1991 Meermanniano
911 1932 941 1990 M
969 1934 999 1990 et
1021 1933 1049 1990 in
1073 1932 1204 1992 editione

80 2033 193 2091 Veneta
216 2031 290 2092 haec
313 2032 449 2092 videmus
472 2034 596 2108 scripta:
619 2025 653 2107 ἐξ
669 2015 719 2091 ὧν
733 2022 811 2091 τότε
834 2027 982 2103 ἐκείνους
1003 2027 1092 2104 τινες
1115 2020 1204 2114 εὐερ-

77 2131 231 2213 γετοῦσιν
253 2129 310 2193 καὶ
333 2132 604 2212 προυθυμοῦντο
626 2125 812 2214 πάσχοντες
834 2122 854 2211 ἢ
877 2131 1023 2214 δρῶντες
1043 2119 1131 2215 ὑπὲρ
1147 2126 1205 2195 οὐ·

77 2235 156 2309 τῶν,
183 2257 243 2314 quo
271 2240 301 2298 in
329 2239 484 2298 enuntiato
511 2257 654 2314 praesens
680 2245 799 2315 tempus
821 2238 904 2298 verbi
929 2223 1113 2318 εὐεργετεῖν
1139 2259 1205 2316 per-

77 2359 214 2416 magnam
243 2341 368 2416 praebet
390 2341 591 2418 offensionem,
619 2341 690 2418 quia
713 2343 791 2401 Dion
820 2340 856 2400 de
879 2341 1032 2402 beneficiis
1059 2342 1205 2402 hocloco

76 2443 157 2515 dicit,
188 2462 267 2519 qnae
297 2444 424 2503 maiores
454 2443 483 2502 in
516 2442 649 2504 Rhodios
681 2445 883 2504 contulerunt.
935 2445 1036 2520 Atque
1065 2442 1205 2505 Reislsius

75 2545 195 2620 quidem
220 2544 250 2603 id
274 2544 412 2605 mendum
436 2547 476 2603 ita
501 2563 606 2605 sanare
630 2550 755 2605 conatus
771 2550 826 2620 est,
849 2549 881 2604 ut
903 2544 1112 2622 imperfectum
1133 2550 1204 2606 tem·

74 2664 131 2723 pus
163 2630 360 2725 εὖεργέτουν
392 2648 421 2706 in
453 2653 565 2707 textum
598 2648 759 2724 receperit;
793 2649 950 2723 Emporius
984 2652 1083 2707 autem
1114 2651 1206 2724 atque

74 2749 250 2809 Dindorlius
273 2751 480 2825 probaverunt
502 2752 681 2828 scripturam
705 2749 815 2809 codicis
837 2753 870 2826 B,
897 2750 949 2828 qui
972 2735 1206 2829 exhibet'criap·

71 2840 244 2929 γετήκαοι.
292 2853 357 2912 Ηοο
387 2853 554 2928 perfectum
580 2857 707 2930 tempus,
735 2853 759 2911 si
786 2853 917 2929 genuina
943 2855 1098 2930 archetypi
1127 2857 1207 2912 esset

72 2956 239 3031 scriptura,
267 2955 382 3015 servari
405 2974 494 3033 posse
523 2957 653 3016 libenter
675 2955 817 3017 concedo.
862 2956 907 3014 Ex
930 2957 973 3015 eis
997 2961 1105 3034 autem,
1128 2975 1206 3033 quae

70 3076 169 3135 supra
189 3059 321 3134 exposui,
344 3059 441 3118 elucet
463 3059 542 3117 illam
566 3059 655 3119 huius
676 3058 743 3119 libri
766 3059 947 3134 scripturam
970 3076 1037 3119 esse
1061 3060 1208 3119 coniectu-

70 3178 138 3218 ram
163 3160 276 3219 librarii
293 3160 430 3231 alicuius,
454 3160 674 3237 quamobrem
696 3160 900 3237 quaerendum
924 3160 1008 3221 nobis
1030 3168 1084 3235 est,
1107 3179 1207 3221 nonno

68 3263 133 3320 alia
159 3262 307 3338 quaedam
331 3263 504 3322 coniectura
529 3263 566 3321 ad
592 3262 756 3322 sanandum
786 3262 866 3321 lrunc
889 3263 988 3322 locum
1018 3264 1111 3337 magis
1134 3281 1206 3338 qua-

69 3363 144 3423 dret
168 3383 259 3442 quam
276 3384 320 3442 ea,
343 3384 421 3443 quae
441 3367 519 3425 inest
541 3367 571 3425 in
587 3366 723 3425 Parisino
740 3366 773 3424 B.
817 3366 916 3441 Atque
939 3385 976 3425 ex
1000 3384 1066 3426 mea
1088 3366 1207 3441 quidem

67 3468 229 3527 sententia
244 3466 392 3545 Reiskius,
409 3471 441 3528 ut
457 3469 611 3545 permultis
622 3469 696 3528 locis
711 3469 820 3545 optime
833 3467 870 3526 de
882 3468 980 3528 Dione
994 3467 1208 3545 Chrysostomo

69 3570 204 3629 meritus
226 3574 279 3643 est,
303 3571 345 3629 ita
360 3570 408 3631 hio
424 3571 623 3646 corruptelam
641 3575 721 3630 recte
738 3569 907 3629 emendavit
929 3569 1061 3629 scribens
1083 3552 1208 3647 εὐεργέ-

64 3685 175 3745 τουυ;
188 3691 226 3732 ex
238 3673 446 3734 concinnitatis
458 3675 536 3733 enim
548 3674 673 3750 legibus,
686 3672 768 3750 quod
780 3675 916 3749 sequitur
927 3667 1207 3751 προυθυμοῦντο,

65 3774 287 3852 imperfectum
311 3780 429 3854 tempus
452 3777 543 3836 mullo
563 3777 662 3854 aptius
683 3793 749 3836 esse
773 3779 898 3853 apparet
921 3794 1009 3852 quam
1033 3774 1210 3851 perlectum.

169 3876 219 3938 Or.
236 3879 334 3938 XXXI
350 3882 400 3956 51,
417 3883 443 3940 7:
463 3872 496 3937 τί
511 3867 637 3958 δήποτε
653 3871 874 3958 συμβέβηκευ;
904 3879 962 3938 Pro
979 3866 1114 3957 δήποτε,
1130 3877 1209 3955 quod

63 3980 221 4040 exhibent
244 3982 504 4041 Meermannianus
525 3983 555 4040 Μ
584 3986 614 4041 et
642 3979 733 4041 editIo
749 3982 873 4057 Veneta,
903 3981 933 4040 in
958 3980 1059 4040 codice
1083 3982 1107 4040 B
1134 3981 1212 4040 ineat

63 4066 200 4160 δήποτ’
220 4068 294 4156 οὖν,
325 4102 413 4160 quam
442 4084 622 4161 scripturam
653 4084 810 4160 Emperius
840 4090 870 4143 et
897 4082 1071 4143 Dindorlius
1103 4082 1209 4161 proba-

61 4188 198 4244 verunt.
243 4185 388 4262 Equidem
411 4189 510 4246 autem
538 4186 714 4262 intellegere
742 4204 868 4262 nequeo,
896 4204 986 4262 quam
1008 4185 1045 4245 ob
1069 4204 1130 4245 rem
1155 4173 1210 4262 δή·

63 4270 160 4344 ποτ’
176 4265 242 4345 οὖν
265 4287 496 4364 praeferendum
521 4289 558 4348 sit
580 4288 744 4366 particulae
766 4275 902 4362 δήποτε,
925 4306 1014 4364 quam
1038 4287 1212 4364 saepissime

62 4407 155 4449 voce
179 4375 245 4448 οὖν
266 4408 327 4450 non
349 4389 503 4468 adscripta
525 4389 606 4467 apud
631 4391 756 4451 DIonem
779 4390 956 4450 iuvenImus.
