3216 5044
1161 393 1201 452 85

96 562 273 622 limentinus
290 560 402 620 Ecum
419 561 551 620 oratione
568 559 819 630 duodevicesima
843 579 879 620 ex
900 559 1003 621 codice
1019 560 1162 620 Vaticano
1178 562 1202 620 F

95 683 138 724 eae
159 669 298 724 exaratae
322 668 392 723 sunt
414 665 590 742 scripturae,
616 682 695 740 quae
718 665 868 740 pertinent
891 664 929 724 ad
952 663 1100 724 orationes
1123 668 1202 724 cota·

95 787 159 843 ram,
185 768 339 842 decimam,
368 764 555 826 undecimam
586 764 668 838 (inde
695 785 714 825 a
741 767 928 844 paragrapho
956 763 1018 845 55),
1047 767 1202 842 septimam

94 869 235 946 decimam,
261 868 530 945 undeuicesimum,
556 869 743 946 tricesimam,
770 868 1029 945 quadragesimam
1053 873 1202 945 quartam,

94 973 125 1032 de
144 973 343 1048 Neapolitano
364 973 430 1030 hl}
459 972 532 1030 nibil
558 973 709 1048 cognitum
733 973 877 1032 habemns
905 973 961 1031 nisi
985 975 1127 1048 quattuor
1149 989 1202 1030 un-

93 1075 278 1135 devicesimae
295 1075 439 1134 orationis
462 1074 680 1152 paragraphos;
704 1093 770 1135 cnm
794 1076 894 1135 codice
916 1073 1101 1148 VaticanoQ
1123 1093 1202 1134 nona

92 1179 189 1238 collata
215 1183 261 1238 est
288 1179 382 1238 oratio
393 1175 425 1254 ¹),
454 1196 520 1236 cum
540 1177 685 1238 Urbinate
707 1180 813 1238 1241]
841 1179 991 1239 orationes
1018 1176 1203 1253 duodecima,

92 1281 333 1356 duodevicesima,
365 1280 513 1340 tricesima
544 1279 775 1356 primatusque
802 1281 841 1341 ad
868 1299 931 1356 par.
957 1277 1023 1356 23),
1055 1271 1202 1339 tricesima

91 1385 176 1443 altera
202 1383 312 1460 (nsque
339 1382 377 1442 ad
401 1401 464 1460 par.
485 1379 545 1460 19),
570 1384 718 1442 tricesima
745 1385 845 1460 tertia,
879 1402 916 1443 ex
943 1383 1046 1443 codice
1072 1381 1203 1459 denique

91 1487 224 1546 Vaticano
244 1487 272 1546 X
294 1485 461 1546 orationum
485 1489 586 1546 sextae
613 1485 722 1562 (usque
745 1487 783 1546 ad
807 1505 870 1563 par.
887 1483 938 1558 16)
965 1489 1056 1562 atque
1079 1488 1202 1545 octavae

90 1591 248 1665 exscriptae
280 1592 350 1648 sunt
380 1589 532 1647 lectiones.
581 1587 640 1649 Sed
670 1589 782 1648 etiamsi
813 1607 915 1648 omnes
944 1589 986 1647 illi
1014 1587 1081 1648 libri
1112 1606 1201 1647 manu
1304 1618 1307 1624 ·

89 1692 182 1768 scripti
205 1711 270 1752 oum
288 1690 413 1750 diversis
433 1690 496 1750 lere
512 1691 614 1750 collati
631 1695 701 1750 suut
723 1692 917 1767 orationibus,
941 1692 1086 1752 nonnulla
1102 1697 1199 1751 tamon

88 1793 122 1854 de
136 1794 276 1854 affinitate
297 1813 400 1854 eorum
424 1812 460 1853 ex
477 1813 541 1852 mea
557 1792 675 1870 quidem
692 1795 840 1853 sententia
860 1794 1018 1854 enucleare
1033 1810 1200 1870 possumus,

88 1898 159 1956 hano
174 1895 375 1974 ingredientes
391 1897 486 1959 viam„
510 1899 554 1956 Ex
571 1915 694 1957 numero
710 1897 828 1956 illorum
846 1895 981 1956 codicum
998 1897 1159 1956 Vaticanus
1174 1897 1202 1955 X

87 2019 159 2059 unus
181 2003 233 2078 est,
255 2019 292 2059 ex
316 2019 375 2076 qno
398 2001 541 2060 orationis
565 2019 643 2077 quae
665 2001 695 2058 in
718 2002 797 2061 Mon.
817 2003 845 2060 N
869 2002 966 2060 exstat
987 2000 1129 2059 lectiones
1151 2019 1201 2059 ex·

86 2106 182 2162 aratae
207 2107 288 2179 sunt,
313 2103 380 2162 dico
407 2121 449 2162 or.
465 2105 515 2181 Vl,
540 2102 744 2179 paragraphus
765 2108 876 2164 1-16.
921 2102 1150 2162 bacconicam
1174 2103 1200 2162 X

86 2224 285 2282 comparemus
309 2224 374 2265 cum
399 2206 472 2266 libro
493 2207 530 2277 N,
560 2205 639 2265 unde
661 2206 875 2283 intellegemus,
902 2210 1000 2266 utrum
1029 2203 1199 2265 cum'codi—

85 2309 164 2368 cibus
184 2309 240 2370 AO
269 2328 307 2367 an
331 2327 397 2367 cnm
421 2309 592 2369 Monacensi
612 2311 641 2368 N
669 2327 707 2368 an
731 2328 796 2370 oum
820 2309 950 2369 editione
969 2311 1084 2368 Veneta
1107 2309 1200 2368 artius

84 2412 255 2471 coniunctus
282 2412 328 2470 sit.
377 2412 478 2488 Atque
507 2411 622 2471 nullum
653 2411 771 2487 quidem
806 2430 872 2471 cum
898 2412 1063 2471 invenerim
1092 2412 1200 2489 locum,

83 2513 128 2572 ubi
150 2515 311 2572 Vaticanus
332 2514 358 2573 X
381 2532 459 2574 nnus
482 2514 663 2574 deteriorum
687 2514 824 2574 codicum
848 2533 914 2574 oum
935 2515 1110 2574 ParisinoB
1133 2532 1201 2574 con·

82 2617 181 2693 spiret,
202 2620 308 2678 contra
334 2635 398 2676 cum
429 2636 470 2677 or.
487 2618 528 2676 Vl
544 2621 603 2695 9‚4
627 2616 746 2677 codices
766 2618 857 2677 BNX
877 2621 1018 2694 corrupte
1042 2617 1202 2677 exhibeant

81 2715 190 2793 τοῦτο,
218 2719 308 2780 editio
332 2725 431 2780 antem
456 2707 572 2780 Veneta
597 2717 701 2779 τοῦτο
725 2714 773 2792 δέ,
802 2721 1040 2780 concludendum
1064 2725 1110 2780 est
1135 2739 1200 2780 cum

80 2819 250 2882 Monacensi
271 2823 300 2882 N
323 2824 416 2882 artius
444 2842 532 2899 quam
557 2841 623 2882 cum
647 2821 799 2883 codicibus
819 2823 878 2883 Ao
906 2827 958 2882 aut
981 2841 1047 2883 oum
1070 2824 1199 2883 editione

81 2923 194 2984 Veneta
216 2925 376 2985 cohaerere
398 2925 478 2985 buno
502 2926 617 2986 librum.

160 3029 249 3089 Nunc
281 3030 421 3106 quoniam
449 3029 579 3089 indolem
601 3030 736 3090 Vaticani
760 3030 786 3088 X
814 3030 1022 3106 cognovimus,
1052 3047 1200 3105 usurpare

76 3149 236 3205 possumus
261 3133 340 3191 huno
365 3132 470 3192 librum
495 3133 532 3191 ad
555 3133 791 3210 investigandam
815 3137 981 3192 ceterorum
997 3132 1133 3193 codicum
1158 3132 1200 3190 fa·

75 3233 283 3294 miliaritatem.
335 3234 469 3296 Collatus
500 3237 575 3295 enim
611 3241 656 3296 est
690 3253 756 3294 cum
784 3241 891 3294 octava
921 3236 1025 3294 Dionis
1056 3237 1200 3310 eratione,

73 3354 203 3412 quacum
227 3337 314 3398 etiam
338 3338 457 3398 codices
479 3339 713 3398 FlorentinusD
736 3341 766 3397 et
779 3336 983 3398 VaticanusF
1007 3338 1107 3398 collati
1122 3341 1200 3398 sunt.

73 3439 103 3496 ln
128 3440 238 3500 codice
258 3440 310 3500 illo
332 3443 359 3500 D
384 3441 505 3501 eaedem
528 3443 629 3502 insunt
649 3441 817 3516 scripturae
839 3445 930 3518 atque
953 3441 982 3500 in
1003 3441 1148 3501 Vaticano
1165 3441 1200 3518 X,

70 3542 122 3600 nisi
147 3542 232 3619 quod
257 3559 299 3602 or.
317 3542 387 3601 Vlll
404 3546 466 3618 4,3
491 3543 610 3603 codices
630 3542 686 3603 ΒΟ
710 3543 871 3602 articulum
895 3525 913 3600 ὁ
937 3541 1084 3619 omittunt,
1110 3561 1198 3619 quem

70 3643 143 3704 liber
170 3645 200 3704 X
229 3645 359 3721 exbibet,
389 3647 412 3704 si
445 3664 482 3705 ex
508 3646 623 3706 silentio
653 3650 861 3722 argumentum
892 3645 992 3705 facere
1021 3646 1098 3704 lieet.
1141 3645 1198 3706 Sed

70 3765 133 3808 cum
159 3747 291 3824 reliquis
314 3747 397 3825 loeis,
419 3749 470 3807 ubi
493 3750 687 3809 ParisinnsB
710 3747 824 3809 recedit
847 3751 1046 3808 aceterorum
1063 3747 1197 3808 codicum

68 3851 236 3928 scripturis,
259 3868 297 3910 ne
313 3851 504 3911 Florentinus
520 3853 547 3910 D
564 3851 683 3927 quidem
709 3871 775 3911 cum
800 3850 941 3911 oodiccB
964 3851 1122 3927 conspiret,
1145 3870 1198 3927 pu-

67 3957 128 4013 tare
152 3954 268 4029 malim,
292 3972 332 4012 or.
350 3953 421 4014 Vlll
437 3957 501 4026 4,3
525 3971 596 4013 casu
620 3953 747 4030 quodam
778 3959 808 4014 et
830 3954 957 4013 Parisini
978 3956 1002 4013 B
1025 3958 1055 4014 et
1076 3953 1198 4014 Floren-

151 4121 171 4182 ¹)
201 4115 353 4184 Emperius
377 4115 482 4170 codicis
502 4117 525 4182 Q
547 4117 699 4186 scripturas
723 4117 803 4172 etiam
823 4132 861 4171 cr.
878 4116 904 4169 X
926 4116 992 4172 inde
1011 4133 1026 4171 a
1044 4131 1151 4185 paragr.
1168 4121 1197 4170 12

66 4205 101 4268 tp.
115 4205 180 4271 814)
201 4201 299 4269 affert3
320 4201 380 4255 sine
393 4202 450 4255 ulla
463 4201 637 4256 dubitatione
651 4209 743 4257 antem
761 4203 858 4256 calami
871 4202 952 4270 lapsu
965 4219 1017 4271 pro
1029 4203 1051 4255 F
1064 4203 1197 4271 scriptum

65 4295 104 4342 est
121 4290 160 4358 Q3
185 4303 255 4342 nam
275 4305 301 4356 p.
316 4291 363 4341 791
384 4286 530 4355 Emporias
555 4287 659 4343 diserte
678 4288 748 4342 dicit
773 4289 800 4342 in
819 4287 957 4343 Vaticano
975 4289 998 4354 Q
1020 4304 1120 4343 nonam
1139 4292 1200 4342 tan.

65 4383 117 4428 tum
135 4375 239 4430 inesse
256 4371 357 4427 Dionis
373 4373 534 4427 orationem.
