3216 5044
394 414 433 469 14

391 580 544 656 repetitae,
571 585 604 640 ut
630 581 828 641 demonstrem
856 580 1064 642 familiaritatis
1089 583 1210 642 vinculo
1238 583 1371 643 codicem
1394 584 1418 642 B
1446 601 1513 642 cnm

391 679 589 742 deterioribus
616 684 806 743 coniunctum
830 701 896 743 esse
918 683 1009 743 libris.
1053 684 1154 761 Atque
1183 703 1233 745 eas
1256 685 1377 761 quidem
1405 686 1514 762 eligam

392 785 552 864 orationes,
575 785 751 862 quibuscum
775 804 834 846 non
851 787 947 846 solum
971 785 1130 846 deterioris
1152 788 1272 863 generis
1294 789 1402 865 aliquis
1418 787 1515 848 codex

391 891 513 964 practer
535 887 857 949 editionemVsnetam
881 889 1007 948 collatus
1030 894 1084 967 est,
1106 908 1210 950 verum
1235 891 1322 951 etiam
1346 891 1453 967 aliquis
1477 910 1514 950 ex

391 1007 493 1049 eorum
520 989 662 1050 librorum
689 1009 822 1062 numero,
850 991 901 1067 qui
929 991 957 1050 in
989 991 1119 1052 melioris
1144 994 1264 1069 generis
1290 994 1403 1053 familia
1424 993 1515 1052 HPO

392 1092 567 1152 numerandi
591 1097 669 1152 sunt.
712 1093 760 1152 Ad
783 1094 839 1153 has
862 1093 953 1170 igitur
978 1095 1108 1153 animum
1132 1094 1324 1155 advertamus
1348 1097 1515 1156 orationes:

391 1195 413 1271 l,
435 1195 472 1272 ll,
495 1195 534 1253 lV
555 1193 637 1268 (inde
660 1215 677 1254 a
700 1197 892 1273 paragrapho
915 1194 976 1273 78),
998 1199 1034 1274 V,
1057 1199 1108 1276 Vl,
1130 1199 1195 1274 VII,
1217 1199 1296 1275 Vlll,
1320 1199 1369 1270 lx,
1392 1199 1427 1275 X,
1450 1199 1517 1257 ΧΠ.

476 1299 638 1357 Praeterea
657 1297 686 1357 id
707 1297 787 1357 haud
803 1299 890 1376 parvi
911 1299 981 1357 mihi
997 1298 1117 1359 videtur
1132 1301 1271 1361 momenti
1287 1317 1353 1360 esse
1375 1319 1515 1378 magnum

393 1403 512 1458 exstare
536 1398 694 1459 discrimen
718 1401 796 1460 inter
820 1418 871 1460 eos
892 1400 984 1477 locos,
1007 1402 1057 1461 nbi
1080 1403 1208 1462 Parisini
1228 1404 1252 1462 B
1275 1407 1366 1479 atque
1388 1402 1516 1464 doterio-

373 1483 455 1562 ¹rum
479 1501 613 1562 codicum
637 1503 805 1580 scripturae
835 1503 1010 1580 probandae
1039 1508 1131 1581 atque
1160 1505 1209 1564 ubi
1238 1505 1409 1565 reiciendae
1437 1511 1517 1565 sunt

390 1605 467 1664 Nam
490 1605 566 1664 siin
590 1605 636 1664 his
655 1605 739 1665 libris
762 1605 858 1666 bonae
880 1606 983 1665 insunt
1006 1607 1161 1682 lectiones,
1184 1607 1321 1667 meliores
1344 1611 1443 1667 antem
1467 1627 1517 1668 co·

391 1705 472 1764 dices
495 1708 651 1781 corruptas
674 1705 817 1765 exhibent
840 1707 1013 1783 scripturas,
1037 1705 1126 1767 facile
1149 1706 1230 1767 dicat
1253 1706 1320 1783 quis
1343 1708 1411 1768 illos
1432 1708 1517 1768 locos

389 1811 552 1884 propterea
581 1808 725 1884 Hilgcrsii
754 1809 920 1868 sententiae
951 1827 1011 1869 non
1042 1827 1226 1888 repugnare,
1255 1810 1337 1886 quod
1367 1809 1455 1869 etiam
1487 1811 1518 1870 in

389 1909 554 1986 archetypo
578 1910 644 1969 libri
662 1908 717 1978 V¹l
740 1910 836 1970 bonae
859 1911 930 1970 illae
954 1909 1082 1971 fortasse
1105 1911 1218 1972 fuerint
1240 1914 1415 1989 scripturae,
1439 1932 1518 1990 quas

390 2013 525 2072 Vaticani
550 2014 576 2073 V
605 2012 743 2072 librarius
777 2012 966 2090 neglegentia
1000 2031 1143 2090 perverse
1178 2016 1356 2075 exaraverit.
1410 2016 1519 2092 Longe

389 2121 486 2175 autem
511 2115 600 2174 aliter
627 2132 676 2174 res
699 2132 730 2174 se
755 2115 845 2176 habet
871 2117 914 2175 cis
938 2117 1020 2193 locis,
1049 2118 1101 2177 ubi
1124 2118 1278 2177 Parisinus
1298 2119 1322 2177 B
1349 2122 1440 2194 atque
1464 2118 1519 2178 de-

299 2263 301 2270 .
389 2219 514 2278 teniores
536 2218 603 2279 libri
627 2222 784 2295 corruptas
807 2221 967 2297 memoriae
989 2221 1122 2296 produnt
1144 2220 1317 2297 scripturas,
1341 2220 1517 2280 melioribus

390 2326 490 2380 antem
513 2319 666 2380 codicibus
694 2320 769 2380 fides
795 2320 955 2380 tribuenda
977 2326 1029 2382 cst.
1075 2321 1191 2395 Quibus
1215 2323 1289 2382 locis
1316 2326 1396 2382 certe
1425 2321 1516 2382 etiarn

390 2424 420 2483 in
449 2423 552 2483 codice
575 2425 608 2498 B,
634 2425 658 2482 si
688 2441 815 2483 revera
841 2425 871 2483 in
895 2425 1065 2484 melioribus
1092 2425 1297 2485 numerandus
1320 2429 1400 2484 esset
1422 2425 1520 2502 libris,

396 2525 492 2585 bonae
514 2524 585 2583 illae
608 2527 762 2584 exstarent
785 2526 964 2601 scripturae:
990 2526 1048 2585 nisi
1069 2525 1146 2586 forte
1168 2531 1255 2602 putes
1278 2527 1390 2586 librarii
1414 2546 1519 2586 errore

394 2626 455 2686 illis
477 2627 551 2686 loeis
567 2626 747 2688 codicemB
770 2627 873 2687 eodem
891 2628 978 2689 modo
1001 2631 1093 2706 atquc
1116 2628 1279 2689 deteriores
1297 2628 1389 2688 libros
1412 2628 1519 2706 depra-

393 2733 479 2790 vatos
496 2747 575 2801 esse;
598 2729 651 2790 sed
672 2728 729 2788 hoc
749 2729 790 2789 ita
809 2748 841 2789 se
858 2729 967 2790 habere
988 2731 1016 2790 in
1033 2735 1115 2790 tanto
1132 2732 1264 2790 locorum
1281 2750 1405 2792 numero
1430 2750 1519 2791 nemo

393 2833 569 2912 opinabitur.
615 2833 698 2907 Quae
715 2851 781 2892 cnm
797 2833 839 2891 ita
854 2833 923 2905 sint,
945 2835 971 2893 ei
994 2834 1178 2910 potissimum
1203 2833 1339 2894 intuendi
1359 2837 1429 2893 sunt
1450 2834 1520 2912 loci,

395 2937 445 3002 ubi
466 2936 659 2996 ParisinusB
681 2938 771 3012 atque
792 2935 957 2995 deteriores
973 2935 1042 2995 libri
1064 2936 1184 2996 casdem
1201 2939 1359 3012 corruptas
1374 2935 1523 2995 exhibent

395 3039 570 3116 scripturas.
613 3040 841 3115 Depravatas
868 3039 959 3114 igitur
987 3040 1132 3099 lectiones
1159 3038 1295 3117 proferre
1323 3040 1392 3098 mihi
1419 3039 1522 3098 liceat.

391 3141 493 3218 Atque
507 3142 635 3216 primum
651 3139 770 3217 quidem
788 3158 840 3200 eos
856 3141 1035 3200 enumerabo
1051 3141 1143 3219 locos,
1165 3141 1216 3200 ubi
1239 3145 1269 3200 et
1291 3142 1321 3199 in
1337 3142 1478 3200 Parisino
1497 3143 1522 3201 B

391 3246 421 3302 et
444 3245 474 3303 in
491 3242 688 3302 deterioribus
704 3240 857 3301 codicibus
876 3247 928 3302 aut
948 3243 1127 3303 omittuntur
1141 3244 1243 3320 verba,
1266 3261 1344 3319 quae
1366 3244 1397 3302 in
1413 3244 1523 3302 ceteris

391 3345 493 3405 insunt
515 3344 604 3418 libris,
626 3347 678 3402 aut
699 3347 819 3403 exstant
835 3362 933 3420 voces,
957 3345 1079 3420 quasin
1096 3346 1204 3406 ceteris
1221 3345 1373 3405 codicibus
1389 3345 1522 3422 scriptas

391 3466 452 3507 non
475 3446 619 3506 videmus.

869 3547 993 3608 Oratio
1017 3549 1039 3606 1.

480 3654 572 3727 13,8:
595 3647 684 3709 BNO
705 3668 761 3710 om.
777 3633 946 3723 dll'oiov,
971 3647 1100 3721 OPM²):
1121 3633 1291 3725 olli'oioru
1314 3652 1407 3720 43‚5:
1428 3644 1522 3726 BNJO

392 3772 448 3814 orn.
469 3741 572 3832 nupo'u
601 3755 650 3824 54,
668 3757 699 3812 7:
724 3745 816 3813 BNO
839 3771 895 3813 om.
917 3746 973 3810 καὶ
995 3741 1075 3822 τούς
1098 3740 1279 3830 γεωργούς;
1306 3756 1357 3829 42,
1373 3756 1404 3812 2:
1427 3751 1522 3812 BNO

482 3947 503 4016 ¹)
522 3946 600 4002 Intra
617 3947 817 4002 demonstrabo
835 3945 1015 4018 archetypum
1033 3946 1188 4002 ParisiniB
1207 3978 1240 3985 —
1258 3961 1340 4016 quem
1360 3941 1525 4014 significare

394 4031 475 4086 liceat
493 4031 574 4098 siguo
585 4032 624 4085 Ba
638 4063 671 4069 -
684 4047 740 4085 non
758 4032 794 4085 ad
808 4031 900 4100 ipsum
913 4030 1080 4086 Vaticanum
1090 4031 1126 4100 V,
1145 4032 1196 4085 sed
1214 4031 1250 4085 ad
1263 4032 1324 4085 eius
1337 4029 1524 4101 archetypum

395 4122 549 4172 correctum
568 4132 639 4172 esse.
834 4167 837 4172 .
1457 4115 1459 4120 ‘

478 4204 505 4270 2)
519 4201 612 4256 Verba
624 4193 685 4256 ἀλλ’
696 4191 759 4255 οἷον
771 4202 800 4254 in
813 4201 910 4256 codiee
920 4202 947 4255 Μ
959 4201 1040 4256 obelo
1053 4204 1118 4255 sunt
1126 4205 1235 4269 notata,
1251 4200 1301 4255 sed
1314 4216 1377 4255 curn
1389 4199 1418 4252 in
1431 4199 1528 4268 prima

393 4291 473 4355 parte
485 4286 705 4341 intellexerimus
720 4287 772 4340 hoe
784 4287 893 4354 signum
906 4288 941 4340 ab
954 4287 1049 4355 aliquo
1061 4286 1172 4340 librario
1185 4286 1310 4339 additum
1324 4300 1396 4353 esse,
1414 4285 1459 4338 cui
1473 4285 1526 4340 dc-

300 4373 304 4379 '
393 4370 505 4425 terioris
517 4372 626 4439 generis
645 4371 734 4426 codex
752 4371 853 4440 aliquis
871 4377 983 4440 praesto
996 4377 1064 4440 erat,
1082 4371 1182 4426 obelus
1198 4369 1301 4426 nullius
1318 4375 1362 4426 est
1378 4373 1529 4428 momenti.
