3216 5044
1180 439 1218 495 41

106 606 180 682 quod
208 606 333 667 Carolus
364 602 751 677 Fridericus'Hermann1)
783 624 842 665 non
873 607 972 683 inepte
1003 624 1040 664 en
1074 607 1223 667 sententia

105 727 166 769 mea
183 709 259 769 haec
279 709 316 768 de
336 708 388 768 illo
409 710 474 768 loco
491 710 642 785 exposuit:
671 713 719 780 „at
734 695 847 785 melius,
869 708 981 784 siquid
997 709 1101 780 sentio,
1124 709 1222 768 active

104 811 281 890 acceperis“.
326 811 410 885 Quae
434 829 499 870 curn
520 812 561 870 ita
576 813 643 888 siut,
665 810 746 888 apud
765 811 890 870 Dionem
906 829 961 888 pro
978 809 1112 871 codicum
1129 813 1221 887 scrip·

104 919 168 974 tura
196 911 337 993 σταθμῷ
366 913 574 990 corrigendum
604 932 669 974 esse
692 931 798 974 censeo
821 909 1015 993 σταθμῷτο,
1048 914 1221 988 praesertim

104 1036 167 1076 cum
192 1035 251 1077 non
275 1019 367 1080 multo
390 1022 467 1094 post,
490 1021 518 1090 2,
531 1020 559 1094 8,
583 1018 658 1076 haec
682 1017 833 1075 videamus
849 1017 975 1093 scripta:
999 1001 1099 1086 αὐτὸς
1115 1009 1150 1073 db
1165 1003 1221 1074 nd·

103 1110 162 1178 τὸν
190 1104 303 1198 τούτῷ
332 1116 382 1198 τῷ
404 1104 525 1178 κανόνα
548 1113 604 1176 καὶ
625 1107 731 1194 ταύτῃ
754 1115 793 1194 τῇ
817 1114 949 1195 σταθμῷ
969 1107 1222 1195 σταθμώμενος.

103 1255 144 1262 -
165 1223 245 1282 Bene
269 1227 367 1282 autem
393 1217 570 1281 utsauetur
593 1222 642 1280 ille
665 1223 760 1297 locus,
785 1222 877 1298 paulo
892 1222 978 1279 aliam
995 1219 1223 1297 ingrediendam

102 1344 166 1387 esse
183 1327 258 1384 viam
275 1330 365 1402 atquc
382 1325 585 1398 Oasanbonns,
609 1325 775 1400 llmperinc
791 1323 965 1383 Dindorfins
981 1324 1130 1400 focerunt,
1154 1343 1223 1401 pro-

102 1446 192 1506 pono:
229 1428 390 1505 probemns
420 1426 530 1486 codicis
560 1427 733 1486 ParisiniB
763 1427 941 1503 scripturam
972 1415 1015 1484 τὰ
1045 1413 1225 1504 πράγματα

101 1526 282 1608 σταθμῷτο
314 1519 393 1606 δόξῃ
421 1519 628 1607 πειρώμενος
657 1514 867 1588 ἀπευθύνειν
889 1513 985 1600 αὐτά,
1019 1547 1097 1605 quae
1121 1548 1224 1605 quam-

102 1651 189 1710 quam
221 1653 278 1692 non
310 1633 440 1708 genuina
470 1631 626 1708 archetypi
657 1637 702 1690 cst
732 1631 830 1707 lectio,
863 1631 987 1708 propius
1010 1635 1109 1690 tamen
1133 1649 1222 1706 quam

101 1736 255 1796 doctorum
279 1736 395 1795 illorum
419 1736 555 1794 vivorum
579 1735 750 1794 coniectura
772 1734 888 1794 abesta
905 1738 1074 1794 ceterorum
1090 1734 1224 1794 codicum

102 1839 236 1899 lectione.
281 1837 324 1898 of.
348 1837 564 1914 wattenbach„
587 1836 703 1896 Griccb.
726 1835 964 1913 Palaeograpbic
993 1834 1102 1908 (1867)
1125 1855 1154 1912 p.
1170 1840 1225 1896 21:

105 1941 178 2013 „Dic
208 1939 325 2000 Artikel
356 1939 415 1998 und
447 1940 498 1997 mit
527 1955 547 1996 τ
568 1937 786 2014 ¹anfangcnden
813 1938 981 2012 Endungcn
1010 1938 1130 1998 werden
1154 1938 1224 1997 sehr

101 2044 145 2104 oft
174 2042 343 2118 abgekdrat
372 2084 439 2101 ...
483 2043 539 2100 Ein
572 2041 878 2117 dbergcschriebencs
904 2057 924 2098 τ
946 2040 1028 2100 kann
1052 2041 1124 2100 aber
1146 2040 1224 2098 auch

100 2144 213 2204 andere
244 2142 414 2220 lindungen
446 2143 506 2202 und
536 2142 629 2220 Jeden
661 2143 754 2204 Oasus
788 2141 842 2200 des
875 2141 1007 2201 Artikels
1042 2141 1220 2201 ventreten.“

100 2268 205 2342 ltaque
231 2266 261 2324 iu
286 2265 389 2324 Dionis
412 2265 577 2341 archetypo
601 2263 644 2323 sic
666 2263 793 2323 fortasse
817 2259 961 2339 scriptum
985 2268 1064 2322 crat:
1098 2237 1224 2339 ςαθμῷ,

99 2369 130 2427 id
162 2366 242 2443 quod
274 2365 409 2426 codicum
433 2384 453 2444 γ
477 2371 506 2424 ct
530 2360 550 2423 δ
571 2365 684 2424 librarii
706 2366 748 2424 sic
770 2365 1007 2441 intellegendum
1032 2383 1097 2424 csse
1121 2365 1224 2440 opina·

99 2471 222 2530 bantur:
251 2465 393 2545 σταθμῷ
415 2464 465 2544 τῇ,
488 2487 520 2528 re
544 2487 616 2528 vcra
639 2471 738 2528 auteur
762 2469 834 2527 nihil
857 2468 935 2527 aliud
960 2467 1147 2543 significabat
1170 2467 1223 2526 nisi

99 2568 293 2649 σταθμῷτο.
340 2572 438 2646 Atque
467 2571 555 2629 etiam
579 2569 659 2645 quod
683 2569 869 2629 substantivo
893 2558 973 2644 δόξῃ
997 2569 1142 2627 articulus
1165 2587 1223 2628 nou

98 2675 256 2751 appositus
279 2678 333 2744 est,
367 2674 391 2732 si
414 2673 581 2732 scribimus:
612 2669 793 2751 σταθμῷτο
818 2661 912 2748 δόξῃ,
945 2676 975 2731 te
998 2691 1055 2731 non
1081 2671 1225 2750 offendet3

99 2797 168 2837 uam
193 2778 222 2835 in
245 2774 494 2835 antecedentibus
517 2775 617 2834 verbis
639 2775 778 2850 legimus:
802 2762 887 2832 ἄλλο
912 2791 944 2830 τι
967 2757 1148 2854 ἢάληθεὶμ
1164 2763 1226 2848 φῂς

97 2871 271 2955 διαφέρειν
294 2873 363 2934 τῷν
388 2865 502 2935 ἄλλων
524 2865 807 2952 τὸνφιλόσοῳον,
831 2876 881 2935 nbi
904 2865 1124 2936 substantivum
1149 2860 1225 2955 ἀλη-

97 2975 180 3062 θείᾳ
202 2985 285 3040 caret
307 2979 442 3040 anticulo.

189 3082 240 3143 Or.
258 3083 311 3141 Vll
329 3085 408 3159 69,o
433 3081 553 3142 codices
576 3081 734 3141 HPollN
750 3081 796 3140 cd.
814 3081 886 3140 Veu.
902 3080 1044 3140 exhibent
1059 3079 1146 3139 haec:
1170 3073 1226 3138 καὶ

94 3180 251 3246 ἐνταῦθα
279 3178 395 3262 μέντοι
419 3171 517 3262 ἄμφω
540 3169 803 3263 ἠρυθριασάτην;
839 3183 869 3242 in
893 3183 995 3244 codice
1018 3187 1117 3242 autem
1141 3182 1226 3241 Pari·

95 3291 166 3350 sino
190 3289 214 3347 B
244 3288 413 3347 coniunctio
441 3281 497 3344 καί
526 3306 584 3346 non
609 3286 693 3346 inest.
740 3285 834 3359 Quem
857 3285 963 3345 librum
987 3289 1148 3361 sequentes
1171 3303 1226 3344 our

95 3391 259 3468 Emperius
289 3393 379 3466 atque
411 3388 583 3450 Diodorfius
611 3389 764 3448 omiserint
794 3388 875 3446 illam
907 3406 1021 3464 vocem,
1057 3389 1082 3446 si
1109 3389 1226 3463 quaeri-

95 3513 176 3568 mus,
213 3488 296 3556 nulla
326 3495 384 3553 alia
413 3495 537 3570 permoti
570 3492 640 3551 mihi
671 3492 811 3551 videntur
844 3509 944 3567 causa,
982 3491 1036 3550 nisi
1066 3490 1147 3567 qnod
1175 3491 1226 3549 illa

94 3600 207 3659 verba:
241 3591 296 3655 καὶ
320 3590 469 3656 ἐνταῦθα
491 3590 608 3674 μέντοι
631 3583 731 3673 ἄμφω
753 3579 1022 3672 ἠρυθριασάτην,
1055 3611 1133 3670 quae
1156 3597 1227 3652 suut

93 3705 127 3763 iu
154 3701 278 3778 reliquis
301 3699 462 3776 codicibus,
485 3717 544 3758 non
569 3698 656 3759 modo
676 3716 749 3757 voce
764 3690 831 3767 καί,
854 3715 957 3756 verum
974 3696 1062 3756 ctiam
1078 3696 1227 3773 particula

90 3799 217 3885 μέντοι
246 3823 311 3864 cnm
340 3802 587 3862 antecedentibus
617 3802 843 3878 coniunguntur
866 3799 973 3859 verbis.
1017 3799 1075 3859 Sed
1099 3800 1141 3859 uti
1163 3817 1227 3858 sae·

93 3911 170 3986 pius
202 3905 281 3984 apud
313 3907 439 3966 Dionem
470 3921 560 3964 voces
590 3898 646 3962 καὶ
675 3897 791 3979 μέντοι
820 3895 877 3959 καὶ
907 3901 1063 3962 coniuncte
1100 3902 1227 3979 scriptas

93 4005 231 4085 vidoni),
253 4009 294 4068 ita
317 4006 491 4082 compositio
515 4005 643 4066 duorum
666 4004 878 4065 vocabulorum
902 3996 958 4060 καὶ
973 4032 1014 4042 -
1028 3995 1144 4080 μέντοι
1168 4021 1226 4063 non

190 4158 211 4219 ¹)
229 4154 344 4209 Luciani
368 4152 570 4208 Samosatcnsis
594 4151 714 4219 libellus,
745 4151 787 4205 ed.
813 4150 967 4219 Hermann,
996 4148 1168 4203 Francoforti
1190 4147 1226 4202 ad

91 4243 234 4296 Moenum
255 4243 329 4306 1828,
346 4255 374 4308 p.
387 4243 444 4293 ³60.

190 4329 212 4390 ²]
231 4325 357 4394 Exempli
370 4325 460 4393 gratia
472 4320 609 4392 proferam
629 4321 641 4375 1
658 4327 728 4390 tal:
753 4319 803 4376 καὶ
819 4315 919 4389 μέντοι
938 4319 987 4376 καὶ
1006 4323 1135 4390 φιλοῦσα
1160 4320 1226 4387 133,

90 4418 124 4466 4:
148 4408 200 4466 καὶ
217 4405 317 4478 μέντοι
335 4407 385 4464 καὶ
403 4402 504 4478 αι’τός;
523 4407 793 4476 xxxxv11116,22
812 4405 861 4462 καὶ
878 4401 979 4475 μέντοι
997 4405 1047 4461 καὶ
1063 4401 1226 4477 μύρμηκας.
