<?xml version="1.0" encoding="UTF-8"?>
<!DOCTYPE html PUBLIC "-//W3C//DTD XHTML 1.0 Transitional//EN"
    "http://www.w3.org/TR/xhtml1/DTD/xhtml1-transitional.dtd">
<html xmlns="http://www.w3.org/1999/xhtml" xml:lang="en" lang="en">
 <head>
  <title>
</title>
<meta http-equiv="Content-Type" content="text/html;charset=utf-8" />
  <meta name='ocr-system' content='tesseract 3.04.00' />
  <meta name='ocr-capabilities' content='ocr_page ocr_carea ocr_par ocr_line ocrx_word'/>
</head>
<body>
  <div class='ocr_page' id='page_1' title='image "./dedionischrysos00mahngoog_0029.png"; bbox 0 0 3216 5044; ppageno 0'>
   <div class='ocr_carea' id='block_1_1' title="bbox 359 457 398 514">
    <p class='ocr_par' dir='ltr' id='par_1_1' title="bbox 359 457 398 514">
     <span class='ocr_line' id='line_1_1' title="bbox 359 457 398 514; baseline 0 0"><span class='ocrx_word' id='word_1_1' title='bbox 359 457 398 514; x_wconf 83' lang='grc'><strong>22</strong></span> 
     </span>
    </p>
   </div>
   <div class='ocr_carea' id='block_1_2' title="bbox 354 619 1487 2538">
    <p class='ocr_par' dir='ltr' id='par_1_2' title="bbox 354 619 1486 2232">
     <span class='ocr_line' id='line_1_2' title="bbox 354 619 1481 700; baseline -0.003 -18"><span class='ocrx_word' id='word_1_2' title='bbox 354 622 483 700; x_wconf 87' lang='lat' dir='ltr'><strong>quodam</strong></span> <span class='ocrx_word' id='word_1_3' title='bbox 511 624 637 685; x_wconf 90' lang='lat' dir='ltr'><strong>Parisiui</strong></span> <span class='ocrx_word' id='word_1_4' title='bbox 661 625 684 682; x_wconf 92' lang='lat' dir='ltr'><strong>B</strong></span> <span class='ocrx_word' id='word_1_5' title='bbox 712 624 879 700; x_wconf 77' lang='lat' dir='ltr'><strong>scripturae</strong></span> <span class='ocrx_word' id='word_1_6' title='bbox 912 621 1084 699; x_wconf 77' lang='lat' dir='ltr'><strong>conspirent</strong></span> <span class='ocrx_word' id='word_1_7' title='bbox 1114 640 1180 681; x_wconf 89' lang='lat' dir='ltr'><strong>cum</strong></span> <span class='ocrx_word' id='word_1_8' title='bbox 1208 621 1362 683; x_wconf 78' lang='lat' dir='ltr'><strong>codicibus</strong></span> <span class='ocrx_word' id='word_1_9' title='bbox 1388 619 1481 681; x_wconf 85' lang='lat' dir='ltr'><strong>HPO.</strong></span> 
     </span>
     <span class='ocr_line' id='line_1_3' title="bbox 356 723 1480 802; baseline -0.004 -18"><span class='ocrx_word' id='word_1_10' title='bbox 356 726 462 802; x_wconf 85' lang='lat' dir='ltr'><strong>ltaque</strong></span> <span class='ocrx_word' id='word_1_11' title='bbox 485 745 522 786; x_wconf 94' lang='lat' dir='ltr'><strong>ne</strong></span> <span class='ocrx_word' id='word_1_12' title='bbox 545 726 614 786; x_wconf 90' lang='lat' dir='ltr'><strong>hinc</strong></span> <span class='ocrx_word' id='word_1_13' title='bbox 638 726 758 802; x_wconf 91' lang='lat' dir='ltr'><strong>quidem</strong></span> <span class='ocrx_word' id='word_1_14' title='bbox 782 723 964 785; x_wconf 84' lang='lat' dir='ltr'><strong>concludere</strong></span> <span class='ocrx_word' id='word_1_15' title='bbox 987 723 1057 783; x_wconf 90' lang='lat' dir='ltr'><strong>licet</strong></span> <span class='ocrx_word' id='word_1_16' title='bbox 1079 741 1146 783; x_wconf 91' lang='lat' dir='ltr'><strong>eum</strong></span> <span class='ocrx_word' id='word_1_17' title='bbox 1171 724 1278 783; x_wconf 92' lang='lat' dir='ltr'><strong>librum</strong></span> <span class='ocrx_word' id='word_1_18' title='bbox 1301 723 1390 783; x_wconf 85' lang='lat' dir='ltr'><strong>etiam</strong></span> <span class='ocrx_word' id='word_1_19' title='bbox 1416 741 1480 781; x_wconf 92' lang='lat' dir='ltr'><strong>cum</strong></span> 
     </span>
     <span class='ocr_line' id='line_1_4' title="bbox 356 823 1482 902; baseline -0.004 -16"><span class='ocrx_word' id='word_1_20' title='bbox 356 827 510 888; x_wconf 87' lang='lat' dir='ltr'><strong>codicibus</strong></span> <span class='ocrx_word' id='word_1_21' title='bbox 533 829 618 889; x_wconf 85' lang='lat' dir='ltr'><strong>HPO</strong></span> <span class='ocrx_word' id='word_1_22' title='bbox 642 827 813 888; x_wconf 86' lang='lat' dir='ltr'><strong>cohaerere.</strong></span> <span class='ocrx_word' id='word_1_23' title='bbox 857 825 945 900; x_wconf 78' lang='lat' dir='ltr'><strong>Quod</strong></span> <span class='ocrx_word' id='word_1_24' title='bbox 969 844 1058 902; x_wconf 88' lang='lat' dir='ltr'><strong>qnam</strong></span> <span class='ocrx_word' id='word_1_25' title='bbox 1082 844 1152 886; x_wconf 87' lang='lat' dir='ltr'><strong>vere</strong></span> <span class='ocrx_word' id='word_1_26' title='bbox 1177 825 1287 886; x_wconf 92' lang='lat' dir='ltr'><strong>dictum</strong></span> <span class='ocrx_word' id='word_1_27' title='bbox 1312 825 1350 885; x_wconf 92' lang='lat' dir='ltr'><strong>sit</strong></span> <span class='ocrx_word' id='word_1_28' title='bbox 1378 829 1410 883; x_wconf 93' lang='lat' dir='ltr'><strong>ut</strong></span> <span class='ocrx_word' id='word_1_29' title='bbox 1433 823 1482 883; x_wconf 91' lang='lat' dir='ltr'><strong>de-</strong></span> 
     </span>
     <span class='ocr_line' id='line_1_5' title="bbox 357 926 1483 1007; baseline -0.004 -19"><span class='ocrx_word' id='word_1_30' title='bbox 357 933 527 1007; x_wconf 82' lang='lat' dir='ltr'><strong>monstrem,</strong></span> <span class='ocrx_word' id='word_1_31' title='bbox 549 930 730 1006; x_wconf 88' lang='lat' dir='ltr'><strong>depravatas</strong></span> <span class='ocrx_word' id='word_1_32' title='bbox 745 929 888 989; x_wconf 87' lang='lat' dir='ltr'><strong>librorum</strong></span> <span class='ocrx_word' id='word_1_33' title='bbox 907 927 1024 987; x_wconf 86' lang='lat' dir='ltr'><strong>BllPO</strong></span> <span class='ocrx_word' id='word_1_34' title='bbox 1040 928 1205 1006; x_wconf 88' lang='lat' dir='ltr'><strong>scripturas</strong></span> <span class='ocrx_word' id='word_1_35' title='bbox 1221 946 1302 988; x_wconf 92' lang='lat' dir='ltr'><strong>nunc</strong></span> <span class='ocrx_word' id='word_1_36' title='bbox 1318 926 1483 1004; x_wconf 79' lang='lat' dir='ltr'><strong>proteram²</strong></span> 
     </span>
     <span class='ocr_line' id='line_1_6' title="bbox 357 1009 1484 1109; baseline -0.004 -18"><span class='ocrx_word' id='word_1_37' title='bbox 357 1031 481 1092; x_wconf 73' lang='grc' dir='ltr'><strong><em>οιιιιο</em></strong></span> <span class='ocrx_word' id='word_1_38' title='bbox 498 1033 524 1091; x_wconf 90' lang='lat'><strong>1:</strong></span> <span class='ocrx_word' id='word_1_39' title='bbox 549 1036 597 1108; x_wconf 92' lang='lat'><strong>10,</strong></span> <span class='ocrx_word' id='word_1_40' title='bbox 613 1037 645 1092; x_wconf 73' lang='grc' dir='ltr'><strong>ιι</strong></span> <span class='ocrx_word' id='word_1_41' title='bbox 669 1032 751 1093; x_wconf 78' lang='lat' dir='ltr'><strong>non</strong></span> <span class='ocrx_word' id='word_1_42' title='bbox 767 1020 817 1109; x_wconf 81' lang='grc' dir='ltr'><strong><em>δή,</em></strong></span> <span class='ocrx_word' id='word_1_43' title='bbox 840 1030 936 1091; x_wconf 84' lang='lat' dir='ltr'><strong>uno</strong></span> <span class='ocrx_word' id='word_1_44' title='bbox 958 1024 1019 1106; x_wconf 75' lang='grc' dir='ltr'><strong><em>σει,</em></strong></span> <span class='ocrx_word' id='word_1_45' title='bbox 1043 1034 1093 1107; x_wconf 80' lang='lat'><strong>22,</strong></span> <span class='ocrx_word' id='word_1_46' title='bbox 1109 1035 1140 1091; x_wconf 86' lang='lat'><strong>3:</strong></span> <span class='ocrx_word' id='word_1_47' title='bbox 1164 1032 1219 1090; x_wconf 83' lang='grc' dir='ltr'><strong>ΒΡ</strong></span> <span class='ocrx_word' id='word_1_48' title='bbox 1238 1023 1330 1109; x_wconf 72' lang='grc' dir='ltr'><strong><em>μηδὲ,</em></strong></span> <span class='ocrx_word' id='word_1_49' title='bbox 1353 1029 1404 1089; x_wconf 82' lang='lat' dir='ltr'><strong>rel.</strong></span> <span class='ocrx_word' id='word_1_50' title='bbox 1425 1009 1484 1105; x_wconf 73' lang='grc' dir='ltr'><strong>μὴἱ</strong></span> 
     </span>
     <span class='ocr_line' id='line_1_7' title="bbox 357 1118 1483 1210; baseline -0.007 -16"><span class='ocrx_word' id='word_1_51' title='bbox 357 1137 406 1209; x_wconf 87' lang='grc'><strong><em>28,</em></strong></span> <span class='ocrx_word' id='word_1_52' title='bbox 423 1139 454 1195; x_wconf 89' lang='lat'><strong>3:</strong></span> <span class='ocrx_word' id='word_1_53' title='bbox 477 1134 559 1194; x_wconf 84' lang='lat' dir='ltr'><strong>BOP</strong></span> <span class='ocrx_word' id='word_1_54' title='bbox 581 1118 757 1206; x_wconf 81' lang='grc' dir='ltr'><strong><em>οόδέαοτε,</em></strong></span> <span class='ocrx_word' id='word_1_55' title='bbox 781 1133 835 1192; x_wconf 87' lang='lat' dir='ltr'><strong>rel.</strong></span> <span class='ocrx_word' id='word_1_56' title='bbox 852 1121 1084 1209; x_wconf 73' lang='grc' dir='ltr'><strong><em>οὐδεπώποτε,</em></strong></span> <span class='ocrx_word' id='word_1_57' title='bbox 1108 1136 1157 1208; x_wconf 80' lang='lat'><strong>47,</strong></span> <span class='ocrx_word' id='word_1_58' title='bbox 1172 1136 1205 1192; x_wconf 88' lang='lat'><strong>4:</strong></span> <span class='ocrx_word' id='word_1_59' title='bbox 1229 1132 1282 1190; x_wconf 93' lang='lat' dir='ltr'><strong>BP</strong></span> <span class='ocrx_word' id='word_1_60' title='bbox 1303 1126 1483 1210; x_wconf 69' lang='grc' dir='ltr'><strong><em>τεθνηῶτι,</em></strong></span> 
     </span>
     <span class='ocr_line' id='line_1_8' title="bbox 358 1222 1484 1315; baseline -0.005 -20"><span class='ocrx_word' id='word_1_61' title='bbox 358 1224 572 1315; x_wconf 73' lang='grc' dir='ltr'><strong><em>Μτεθνηότι,</em></strong></span> <span class='ocrx_word' id='word_1_62' title='bbox 601 1236 693 1297; x_wconf 88' lang='lat' dir='ltr'><strong>OMN</strong></span> <span class='ocrx_word' id='word_1_63' title='bbox 715 1231 893 1310; x_wconf 70' lang='lat' dir='ltr'><strong>sedeccia,</strong></span> <span class='ocrx_word' id='word_1_64' title='bbox 922 1238 971 1312; x_wconf 86' lang='lat'><strong>54,</strong></span> <span class='ocrx_word' id='word_1_65' title='bbox 986 1239 1019 1294; x_wconf 92' lang='lat'><strong>4:</strong></span> <span class='ocrx_word' id='word_1_66' title='bbox 1046 1234 1129 1294; x_wconf 83' lang='lat' dir='ltr'><strong>BCP</strong></span> <span class='ocrx_word' id='word_1_67' title='bbox 1152 1225 1226 1311; x_wconf 74' lang='grc' dir='ltr'><strong><em>ἔχει,</em></strong></span> <span class='ocrx_word' id='word_1_68' title='bbox 1253 1234 1317 1293; x_wconf 83' lang='grc' dir='ltr'><strong>ΜΝ</strong></span> <span class='ocrx_word' id='word_1_69' title='bbox 1344 1222 1419 1312; x_wconf 70' lang='grc' dir='ltr'><strong><em>ἔχοι.</em></strong></span> <span class='ocrx_word' id='word_1_70' title='bbox 1442 1263 1484 1272; x_wconf 88' lang='grc'><strong>-</strong></span> 
     </span>
     <span class='ocr_line' id='line_1_9' title="bbox 357 1325 1483 1414; baseline -0.001 -18"><span class='ocrx_word' id='word_1_71' title='bbox 357 1368 397 1377; x_wconf 93' lang='grc'>-</span> <span class='ocrx_word' id='word_1_72' title='bbox 422 1335 550 1398; x_wconf 82' lang='lat' dir='ltr'><strong>Oratio</strong></span> <span class='ocrx_word' id='word_1_73' title='bbox 570 1340 610 1398; x_wconf 92' lang='lat' dir='ltr'><strong>lI:</strong></span> <span class='ocrx_word' id='word_1_74' title='bbox 640 1341 737 1414; x_wconf 82' lang='lat'>50,6:</span> <span class='ocrx_word' id='word_1_75' title='bbox 761 1337 813 1398; x_wconf 83' lang='lat' dir='ltr'><strong>Bu</strong></span> <span class='ocrx_word' id='word_1_76' title='bbox 836 1325 976 1414; x_wconf 79' lang='grc' dir='ltr'><strong><em>ἐκόμισε,</em></strong></span> <span class='ocrx_word' id='word_1_77' title='bbox 1000 1336 1091 1396; x_wconf 84' lang='lat' dir='ltr'><strong>OMN</strong></span> <span class='ocrx_word' id='word_1_78' title='bbox 1112 1325 1272 1413; x_wconf 77' lang='grc' dir='ltr'><strong><em>ἐκόμισσε.</em></strong></span> <span class='ocrx_word' id='word_1_79' title='bbox 1294 1365 1337 1376; x_wconf 89' lang='lat'>-</span> <span class='ocrx_word' id='word_1_80' title='bbox 1359 1333 1483 1395; x_wconf 85' lang='lat' dir='ltr'><strong>Oratio</strong></span> 
     </span>
     <span class='ocr_line' id='line_1_10' title="bbox 357 1424 1484 1519; baseline -0.002 -20"><span class='ocrx_word' id='word_1_81' title='bbox 357 1442 411 1499; x_wconf 88' lang='lat' dir='ltr'><strong>IV:</strong></span> <span class='ocrx_word' id='word_1_82' title='bbox 436 1444 506 1518; x_wconf 84' lang='lat'>108,</span> <span class='ocrx_word' id='word_1_83' title='bbox 522 1445 555 1502; x_wconf 79' lang='lat'><strong>2:</strong></span> <span class='ocrx_word' id='word_1_84' title='bbox 579 1442 631 1500; x_wconf 91' lang='lat' dir='ltr'><strong>BP</strong></span> <span class='ocrx_word' id='word_1_85' title='bbox 649 1426 818 1519; x_wconf 70' lang='lat' dir='ltr'><strong>dcccdccc,</strong></span> <span class='ocrx_word' id='word_1_86' title='bbox 844 1441 871 1497; x_wconf 94' lang='lat' dir='ltr'>M</span> <span class='ocrx_word' id='word_1_87' title='bbox 890 1426 1066 1518; x_wconf 80' lang='grc' dir='ltr'><strong><em>ἄτρεπτος,</em></strong></span> <span class='ocrx_word' id='word_1_88' title='bbox 1090 1424 1272 1516; x_wconf 80' lang='grc' dir='ltr'><strong><em>Οόιτρετος.</em></strong></span> <span class='ocrx_word' id='word_1_89' title='bbox 1294 1469 1336 1478; x_wconf 89' lang='grc'>-</span> <span class='ocrx_word' id='word_1_90' title='bbox 1359 1435 1484 1497; x_wconf 87' lang='lat' dir='ltr'><strong>Oratio</strong></span> 
     </span>
     <span class='ocr_line' id='line_1_11' title="bbox 358 1529 1485 1621; baseline -0.004 -21"><span class='ocrx_word' id='word_1_91' title='bbox 358 1542 426 1602; x_wconf 89' lang='lat' dir='ltr'><strong>Vll:</strong></span> <span class='ocrx_word' id='word_1_92' title='bbox 453 1545 482 1619; x_wconf 85' lang='grc'><strong><em>9,</em></strong></span> <span class='ocrx_word' id='word_1_93' title='bbox 499 1546 531 1602; x_wconf 88' lang='lat'><strong>5:</strong></span> <span class='ocrx_word' id='word_1_94' title='bbox 554 1542 701 1604; x_wconf 87' lang='lat' dir='ltr'><strong>BLOUP</strong></span> <span class='ocrx_word' id='word_1_95' title='bbox 721 1531 874 1621; x_wconf 82' lang='grc' dir='ltr'><strong><em>κηρόκια,</em></strong></span> <span class='ocrx_word' id='word_1_96' title='bbox 898 1535 963 1600; x_wconf 87' lang='lat' dir='ltr'><strong>MN</strong></span> <span class='ocrx_word' id='word_1_97' title='bbox 987 1529 1161 1620; x_wconf 70' lang='grc' dir='ltr'><strong><em>κηρύκεια,</em></strong></span> <span class='ocrx_word' id='word_1_98' title='bbox 1188 1545 1237 1618; x_wconf 78' lang='grc'><strong><em>27,</em></strong></span> <span class='ocrx_word' id='word_1_99' title='bbox 1255 1545 1286 1600; x_wconf 87' lang='lat'><strong>6:</strong></span> <span class='ocrx_word' id='word_1_100' title='bbox 1310 1539 1363 1600; x_wconf 81' lang='grc' dir='ltr'><strong>ΒΟ</strong></span> <span class='ocrx_word' id='word_1_101' title='bbox 1386 1556 1485 1597; x_wconf 89' lang='grc' dir='ltr'><strong><em>κατα-</em></strong></span> 
     </span>
     <span class='ocr_line' id='line_1_12' title="bbox 357 1631 1484 1720; baseline 0 -18"><span class='ocrx_word' id='word_1_102' title='bbox 357 1634 549 1718; x_wconf 79' lang='grc' dir='ltr'><strong><em>βαλλόντες,</em></strong></span> <span class='ocrx_word' id='word_1_103' title='bbox 571 1646 632 1705; x_wconf 87' lang='lat' dir='ltr'><strong>ML</strong></span> <span class='ocrx_word' id='word_1_104' title='bbox 655 1633 913 1717; x_wconf 77' lang='grc' dir='ltr'><strong><em>καταβαλόντες,</em></strong></span> <span class='ocrx_word' id='word_1_105' title='bbox 935 1631 1278 1718; x_wconf 74' lang='grc' dir='ltr'><strong><em>ΑΜκαταλαβόυτες,</em></strong></span> <span class='ocrx_word' id='word_1_106' title='bbox 1305 1647 1355 1720; x_wconf 86' lang='grc'><strong><em>44,</em></strong></span> <span class='ocrx_word' id='word_1_107' title='bbox 1372 1647 1402 1703; x_wconf 78' lang='lat'><strong>7:</strong></span> <span class='ocrx_word' id='word_1_108' title='bbox 1426 1643 1484 1702; x_wconf 84' lang='grc' dir='ltr'><strong>ΒΗ</strong></span> 
     </span>
     <span class='ocr_line' id='line_1_13' title="bbox 357 1733 1484 1825; baseline -0.005 -19"><span class='ocrx_word' id='word_1_109' title='bbox 357 1765 392 1825; x_wconf 85' lang='grc' dir='ltr'><strong>γε</strong></span> <span class='ocrx_word' id='word_1_110' title='bbox 409 1740 475 1825; x_wconf 78' lang='grc' dir='ltr'><strong><em>νέα,</em></strong></span> <span class='ocrx_word' id='word_1_111' title='bbox 503 1747 626 1807; x_wconf 85' lang='lat' dir='ltr'><strong>POMN</strong></span> <span class='ocrx_word' id='word_1_112' title='bbox 649 1740 759 1824; x_wconf 80' lang='grc' dir='ltr'><strong><em>γενέα;</em></strong></span> <span class='ocrx_word' id='word_1_113' title='bbox 792 1751 840 1819; x_wconf 79' lang='grc'><strong><em>71,</em></strong></span> <span class='ocrx_word' id='word_1_114' title='bbox 856 1751 887 1806; x_wconf 92' lang='lat'><strong>4:</strong></span> <span class='ocrx_word' id='word_1_115' title='bbox 918 1746 969 1806; x_wconf 81' lang='grc' dir='ltr'><strong>ΒΟ</strong></span> <span class='ocrx_word' id='word_1_116' title='bbox 993 1734 1115 1822; x_wconf 82' lang='grc' dir='ltr'><strong><em>λαγών,</em></strong></span> <span class='ocrx_word' id='word_1_117' title='bbox 1145 1747 1173 1804; x_wconf 87' lang='lat' dir='ltr'>M</span> <span class='ocrx_word' id='word_1_118' title='bbox 1197 1735 1299 1822; x_wconf 79' lang='grc' dir='ltr'><strong><em>λόγω,</em></strong></span> <span class='ocrx_word' id='word_1_119' title='bbox 1327 1745 1355 1804; x_wconf 90' lang='lat' dir='ltr'>N</span> <span class='ocrx_word' id='word_1_120' title='bbox 1379 1733 1484 1823; x_wconf 75' lang='lat' dir='ltr'><strong>layci,</strong></span> 
     </span>
     <span class='ocr_line' id='line_1_14' title="bbox 357 1832 1485 1927; baseline -0.004 -19"><span class='ocrx_word' id='word_1_121' title='bbox 357 1851 385 1908; x_wconf 92' lang='grc' dir='ltr'><strong><em>Η</em></strong></span> <span class='ocrx_word' id='word_1_122' title='bbox 409 1845 511 1927; x_wconf 76' lang='grc' dir='ltr'><strong><em>λαγῶ,</em></strong></span> <span class='ocrx_word' id='word_1_123' title='bbox 539 1852 656 1924; x_wconf 84' lang='grc'><strong><em>109,1;</em></strong></span> <span class='ocrx_word' id='word_1_124' title='bbox 680 1849 733 1909; x_wconf 84' lang='grc' dir='ltr'><strong>ΒΟ</strong></span> <span class='ocrx_word' id='word_1_125' title='bbox 758 1834 852 1920; x_wconf 85' lang='grc' dir='ltr'><strong><em>όιττα,</em></strong></span> <span class='ocrx_word' id='word_1_126' title='bbox 876 1848 938 1907; x_wconf 83' lang='grc' dir='ltr'><strong>ΜΝ</strong></span> <span class='ocrx_word' id='word_1_127' title='bbox 963 1833 1058 1923; x_wconf 71' lang='grc' dir='ltr'><strong><em>ἅττα,</em></strong></span> <span class='ocrx_word' id='word_1_128' title='bbox 1084 1851 1153 1919; x_wconf 88' lang='grc'><strong><em>122,</em></strong></span> <span class='ocrx_word' id='word_1_129' title='bbox 1173 1851 1204 1908; x_wconf 86' lang='grc'><strong>3;</strong></span> <span class='ocrx_word' id='word_1_130' title='bbox 1228 1848 1281 1905; x_wconf 92' lang='lat' dir='ltr'><strong>BP</strong></span> <span class='ocrx_word' id='word_1_131' title='bbox 1303 1832 1485 1925; x_wconf 79' lang='grc' dir='ltr'><strong><em>ψεγόμενα,</em></strong></span> 
     </span>
     <span class='ocr_line' id='line_1_15' title="bbox 359 1933 1486 2028; baseline -0.005 -17"><span class='ocrx_word' id='word_1_132' title='bbox 359 1951 417 2012; x_wconf 88' lang='lat' dir='ltr'><strong>OM</strong></span> <span class='ocrx_word' id='word_1_133' title='bbox 440 1943 595 2028; x_wconf 79' lang='grc' dir='ltr'><strong><em>ψέγομεν.</em></strong></span> <span class='ocrx_word' id='word_1_134' title='bbox 618 1981 661 1992; x_wconf 79' lang='grc'><strong><em>-</em></strong></span> <span class='ocrx_word' id='word_1_135' title='bbox 688 1948 812 2010; x_wconf 88' lang='lat' dir='ltr'><strong>Oratio</strong></span> <span class='ocrx_word' id='word_1_136' title='bbox 836 1950 875 2008; x_wconf 89' lang='lat' dir='ltr'><strong>X:</strong></span> <span class='ocrx_word' id='word_1_137' title='bbox 905 1952 953 2024; x_wconf 84' lang='lat'><strong>15,</strong></span> <span class='ocrx_word' id='word_1_138' title='bbox 975 1953 1007 2010; x_wconf 89' lang='lat'><strong>3:</strong></span> <span class='ocrx_word' id='word_1_139' title='bbox 1035 1949 1088 2007; x_wconf 88' lang='lat' dir='ltr'><strong>BP</strong></span> <span class='ocrx_word' id='word_1_140' title='bbox 1115 1933 1233 2021; x_wconf 73' lang='grc' dir='ltr'><strong><em>αὐτοῦ,</em></strong></span> <span class='ocrx_word' id='word_1_141' title='bbox 1262 1948 1322 2008; x_wconf 84' lang='lat' dir='ltr'><strong>OM</strong></span> <span class='ocrx_word' id='word_1_142' title='bbox 1346 1944 1486 2006; x_wconf 68' lang='grc' dir='ltr'><strong><em>σαυτοῦ.</em></strong></span> 
     </span>
     <span class='ocr_line' id='line_1_16' title="bbox 357 2038 1485 2128; baseline -0.006 -14"><span class='ocrx_word' id='word_1_143' title='bbox 357 2083 399 2093; x_wconf 93' lang='grc'>-</span> <span class='ocrx_word' id='word_1_144' title='bbox 422 2052 548 2114; x_wconf 88' lang='lat' dir='ltr'><strong>Oratio</strong></span> <span class='ocrx_word' id='word_1_145' title='bbox 569 2053 637 2112; x_wconf 88' lang='lat' dir='ltr'><strong>Xll:</strong></span> <span class='ocrx_word' id='word_1_146' title='bbox 667 2057 783 2126; x_wconf 72' lang='lat'>1411:</span> <span class='ocrx_word' id='word_1_147' title='bbox 811 2051 863 2112; x_wconf 78' lang='grc' dir='ltr'><strong>ΒΟ</strong></span> <span class='ocrx_word' id='word_1_148' title='bbox 886 2038 968 2122; x_wconf 79' lang='grc' dir='ltr'><strong><em>εἶτα,</em></strong></span> <span class='ocrx_word' id='word_1_149' title='bbox 995 2050 1091 2111; x_wconf 85' lang='grc' dir='ltr'><strong>ΜΑΜ</strong></span> <span class='ocrx_word' id='word_1_150' title='bbox 1114 2043 1191 2121; x_wconf 67' lang='lat' dir='ltr'><strong>eim</strong></span> <span class='ocrx_word' id='word_1_151' title='bbox 1224 2055 1273 2128; x_wconf 88' lang='lat'><strong>36,</strong></span> <span class='ocrx_word' id='word_1_152' title='bbox 1290 2055 1320 2111; x_wconf 84' lang='lat'><strong>7:</strong></span> <span class='ocrx_word' id='word_1_153' title='bbox 1349 2051 1403 2109; x_wconf 91' lang='lat' dir='ltr'><strong>BP</strong></span> <span class='ocrx_word' id='word_1_154' title='bbox 1426 2066 1485 2127; x_wconf 84' lang='grc' dir='ltr'><strong>μο-</strong></span> 
     </span>
     <span class='ocr_line' id='line_1_17' title="bbox 359 2144 766 2232; baseline -0.005 -19"><span class='ocrx_word' id='word_1_155' title='bbox 359 2144 498 2228; x_wconf 69' lang='grc' dir='ltr'><strong><em>λύβδου,</em></strong></span> <span class='ocrx_word' id='word_1_156' title='bbox 520 2155 571 2215; x_wconf 84' lang='lat' dir='ltr'><strong>rel.</strong></span> <span class='ocrx_word' id='word_1_157' title='bbox 592 2147 766 2232; x_wconf 77' lang='grc' dir='ltr'><strong><em>μολίβδου.</em></strong></span> 
     </span>
    </p>

    <p class='ocr_par' dir='ltr' id='par_1_3' title="bbox 359 2254 1487 2538">
     <span class='ocr_line' id='line_1_18' title="bbox 444 2254 1486 2334; baseline 0 -19"><span class='ocrx_word' id='word_1_158' title='bbox 444 2258 488 2316; x_wconf 84' lang='lat' dir='ltr'><strong>Ex</strong></span> <span class='ocrx_word' id='word_1_159' title='bbox 511 2256 565 2333; x_wconf 91' lang='lat' dir='ltr'><strong>his,</strong></span> <span class='ocrx_word' id='word_1_160' title='bbox 588 2275 666 2334; x_wconf 85' lang='lat' dir='ltr'><strong>quae</strong></span> <span class='ocrx_word' id='word_1_161' title='bbox 681 2257 817 2334; x_wconf 82' lang='lat' dir='ltr'><strong>exposui,</strong></span> <span class='ocrx_word' id='word_1_162' title='bbox 840 2257 928 2332; x_wconf 87' lang='lat' dir='ltr'><strong>plane</strong></span> <span class='ocrx_word' id='word_1_163' title='bbox 948 2265 1074 2332; x_wconf 85' lang='lat' dir='ltr'><strong>apparet</strong></span> <span class='ocrx_word' id='word_1_164' title='bbox 1096 2273 1147 2315; x_wconf 90' lang='lat' dir='ltr'><strong>eos</strong></span> <span class='ocrx_word' id='word_1_165' title='bbox 1163 2255 1254 2332; x_wconf 92' lang='lat' dir='ltr'><strong>locos,</strong></span> <span class='ocrx_word' id='word_1_166' title='bbox 1276 2255 1326 2314; x_wconf 91' lang='lat' dir='ltr'><strong>ubi</strong></span> <span class='ocrx_word' id='word_1_167' title='bbox 1350 2254 1443 2315; x_wconf 85' lang='lat' dir='ltr'><strong>codex</strong></span> <span class='ocrx_word' id='word_1_168' title='bbox 1462 2258 1486 2315; x_wconf 90' lang='lat' dir='ltr'>B</span> 
     </span>
     <span class='ocr_line' id='line_1_19' title="bbox 359 2357 1487 2438; baseline 0 -19"><span class='ocrx_word' id='word_1_169' title='bbox 359 2365 410 2420; x_wconf 89' lang='lat' dir='ltr'><strong>aut</strong></span> <span class='ocrx_word' id='word_1_170' title='bbox 436 2359 571 2438; x_wconf 88' lang='lat' dir='ltr'><strong>proprias</strong></span> <span class='ocrx_word' id='word_1_171' title='bbox 598 2359 716 2419; x_wconf 87' lang='lat' dir='ltr'><strong>exhibet</strong></span> <span class='ocrx_word' id='word_1_172' title='bbox 738 2359 904 2436; x_wconf 90' lang='lat' dir='ltr'><strong>scripturas</strong></span> <span class='ocrx_word' id='word_1_173' title='bbox 931 2363 984 2418; x_wconf 85' lang='lat' dir='ltr'><strong>aut</strong></span> <span class='ocrx_word' id='word_1_174' title='bbox 1014 2358 1166 2434; x_wconf 86' lang='lat' dir='ltr'><strong>conspirat</strong></span> <span class='ocrx_word' id='word_1_175' title='bbox 1195 2376 1260 2417; x_wconf 92' lang='lat' dir='ltr'><strong>cum</strong></span> <span class='ocrx_word' id='word_1_176' title='bbox 1284 2358 1367 2417; x_wconf 91' lang='lat' dir='ltr'><strong>libris</strong></span> <span class='ocrx_word' id='word_1_177' title='bbox 1391 2357 1487 2433; x_wconf 86' lang='lat' dir='ltr'><strong>HPO,</strong></span> 
     </span>
     <span class='ocr_line' id='line_1_20' title="bbox 360 2459 1486 2538; baseline -0.002 -16"><span class='ocrx_word' id='word_1_178' title='bbox 360 2481 418 2522; x_wconf 91' lang='lat' dir='ltr'><strong>nou</strong></span> <span class='ocrx_word' id='word_1_179' title='bbox 442 2480 612 2538; x_wconf 85' lang='lat' dir='ltr'><strong>repugnare</strong></span> <span class='ocrx_word' id='word_1_180' title='bbox 636 2461 663 2521; x_wconf 93' lang='lat' dir='ltr'><strong>ei</strong></span> <span class='ocrx_word' id='word_1_181' title='bbox 678 2462 852 2533; x_wconf 86' lang='lat' dir='ltr'><strong>sententiae,</strong></span> <span class='ocrx_word' id='word_1_182' title='bbox 875 2459 1006 2520; x_wconf 91' lang='lat' dir='ltr'><strong>codicem</strong></span> <span class='ocrx_word' id='word_1_183' title='bbox 1019 2460 1066 2517; x_wconf 74' lang='lat' dir='ltr'><strong>·B⁸</strong></span> <span class='ocrx_word' id='word_1_184' title='bbox 1089 2459 1156 2518; x_wconf 90' lang='lat' dir='ltr'><strong>olim</strong></span> <span class='ocrx_word' id='word_1_185' title='bbox 1180 2460 1210 2518; x_wconf 92' lang='lat' dir='ltr'><strong>in</strong></span> <span class='ocrx_word' id='word_1_186' title='bbox 1233 2459 1413 2519; x_wconf 86' lang='lat' dir='ltr'><strong>deteriorum</strong></span> <span class='ocrx_word' id='word_1_187' title='bbox 1437 2479 1486 2520; x_wconf 90' lang='lat' dir='ltr'><strong>co·</strong></span> 
     </span>
    </p>
   </div>
   <div class='ocr_carea' id='block_1_3' title="bbox 359 2560 1602 2644">
    <p class='ocr_par' dir='ltr' id='par_1_4' title="bbox 359 2560 1602 2644">
     <span class='ocr_line' id='line_1_21' title="bbox 359 2560 1602 2644; baseline 0 -22"><span class='ocrx_word' id='word_1_188' title='bbox 359 2564 458 2623; x_wconf 91' lang='lat' dir='ltr'><strong>dicum</strong></span> <span class='ocrx_word' id='word_1_189' title='bbox 475 2582 598 2624; x_wconf 92' lang='lat' dir='ltr'><strong>numero</strong></span> <span class='ocrx_word' id='word_1_190' title='bbox 619 2562 720 2638; x_wconf 87' lang='lat' dir='ltr'><strong>fnisse,</strong></span> <span class='ocrx_word' id='word_1_191' title='bbox 743 2565 846 2640; x_wconf 86' lang='lat' dir='ltr'><strong>postea</strong></span> <span class='ocrx_word' id='word_1_192' title='bbox 863 2566 961 2621; x_wconf 85' lang='lat' dir='ltr'><strong>antem</strong></span> <span class='ocrx_word' id='word_1_193' title='bbox 982 2560 1019 2620; x_wconf 89' lang='lat' dir='ltr'><strong>ad</strong></span> <span class='ocrx_word' id='word_1_194' title='bbox 1040 2561 1171 2622; x_wconf 87' lang='lat' dir='ltr'><strong>codicem</strong></span> <span class='ocrx_word' id='word_1_195' title='bbox 1188 2561 1207 2636; x_wconf 79' lang='grc' dir='ltr'><strong><em>ξ</em></strong></span> <span class='ocrx_word' id='word_1_196' title='bbox 1228 2565 1395 2622; x_wconf 88' lang='lat' dir='ltr'><strong>correctum</strong></span> <span class='ocrx_word' id='word_1_197' title='bbox 1411 2581 1487 2622; x_wconf 89' lang='lat' dir='ltr'><strong>esse.</strong></span> <span class='ocrx_word' id='word_1_198' title='bbox 1601 2629 1602 2644; x_wconf 54' lang='lat'>,</span> 
     </span>
    </p>
   </div>
   <div class='ocr_carea' id='block_1_4' title="bbox 360 2729 1488 3032">
    <p class='ocr_par' dir='ltr' id='par_1_5' title="bbox 360 2729 1488 3032">
     <span class='ocr_line' id='line_1_22' title="bbox 445 2729 1487 2827; baseline 0 -18"><span class='ocrx_word' id='word_1_199' title='bbox 445 2751 516 2827; x_wconf 85' lang='lat' dir='ltr'><strong>lam,</strong></span> <span class='ocrx_word' id='word_1_200' title='bbox 538 2754 571 2809; x_wconf 91' lang='lat' dir='ltr'><strong>ut</strong></span> <span class='ocrx_word' id='word_1_201' title='bbox 586 2749 657 2809; x_wconf 90' lang='lat' dir='ltr'><strong>mihi</strong></span> <span class='ocrx_word' id='word_1_202' title='bbox 673 2729 825 2827; x_wconf 79' lang='lat' dir='ltr'><strong>proposui,</strong></span> <span class='ocrx_word' id='word_1_203' title='bbox 846 2749 1014 2809; x_wconf 81' lang='lat' dir='ltr'><strong>accuratius</strong></span> <span class='ocrx_word' id='word_1_204' title='bbox 1030 2766 1187 2825; x_wconf 79' lang='lat' dir='ltr'><strong>exponam,</strong></span> <span class='ocrx_word' id='word_1_205' title='bbox 1209 2748 1360 2825; x_wconf 91' lang='lat' dir='ltr'><strong>quomodo</strong></span> <span class='ocrx_word' id='word_1_206' title='bbox 1376 2751 1487 2810; x_wconf 84' lang='lat' dir='ltr'><strong>mixtus</strong></span> 
     </span>
     <span class='ocr_line' id='line_1_23' title="bbox 360 2849 1488 2928; baseline -0.001 -16"><span class='ocrx_word' id='word_1_207' title='bbox 360 2853 455 2913; x_wconf 85' lang='lat' dir='ltr'><strong>codex</strong></span> <span class='ocrx_word' id='word_1_208' title='bbox 472 2853 510 2910; x_wconf 72' lang='lat'><strong>13⁵</strong></span> <span class='ocrx_word' id='word_1_209' title='bbox 531 2855 614 2911; x_wconf 90' lang='lat' dir='ltr'><strong>ortus</strong></span> <span class='ocrx_word' id='word_1_210' title='bbox 635 2853 680 2911; x_wconf 88' lang='lat' dir='ltr'><strong>sit.</strong></span> <span class='ocrx_word' id='word_1_211' title='bbox 726 2850 857 2927; x_wconf 81' lang='lat' dir='ltr'><strong>Oogitari</strong></span> <span class='ocrx_word' id='word_1_212' title='bbox 880 2851 957 2909; x_wconf 89' lang='lat' dir='ltr'><strong>euim</strong></span> <span class='ocrx_word' id='word_1_213' title='bbox 984 2853 1091 2928; x_wconf 87' lang='lat' dir='ltr'><strong>potest,</strong></span> <span class='ocrx_word' id='word_1_214' title='bbox 1118 2849 1239 2909; x_wconf 88' lang='lat' dir='ltr'><strong>librario</strong></span> <span class='ocrx_word' id='word_1_215' title='bbox 1262 2850 1351 2910; x_wconf 91' lang='lat' dir='ltr'><strong>huius</strong></span> <span class='ocrx_word' id='word_1_216' title='bbox 1374 2851 1488 2911; x_wconf 88' lang='lat' dir='ltr'><strong>codicis</strong></span> 
     </span>
     <span class='ocr_line' id='line_1_24' title="bbox 360 2951 1487 3032; baseline -0.003 -17"><span class='ocrx_word' id='word_1_217' title='bbox 360 2956 419 3015; x_wconf 92' lang='lat' dir='ltr'><strong>duo</strong></span> <span class='ocrx_word' id='word_1_218' title='bbox 435 2959 557 3032; x_wconf 88' lang='lat' dir='ltr'><strong>praesto</strong></span> <span class='ocrx_word' id='word_1_219' title='bbox 575 2953 666 3013; x_wconf 87' lang='lat' dir='ltr'><strong>fnisse</strong></span> <span class='ocrx_word' id='word_1_220' title='bbox 683 2954 775 3012; x_wconf 87' lang='lat' dir='ltr'><strong>libros</strong></span> <span class='ocrx_word' id='word_1_221' title='bbox 791 2953 1020 3029; x_wconf 83' lang='lat' dir='ltr'><strong>manuscriptos,</strong></span> <span class='ocrx_word' id='word_1_222' title='bbox 1044 2951 1177 3013; x_wconf 88' lang='lat' dir='ltr'><strong>codicem</strong></span> <span class='ocrx_word' id='word_1_223' title='bbox 1192 2952 1211 3027; x_wconf 76' lang='grc' dir='ltr'><strong><em>ξ</em></strong></span> <span class='ocrx_word' id='word_1_224' title='bbox 1234 2959 1264 3013; x_wconf 89' lang='lat' dir='ltr'><strong>et</strong></span> <span class='ocrx_word' id='word_1_225' title='bbox 1286 2953 1416 3014; x_wconf 86' lang='lat' dir='ltr'><strong>codicem</strong></span> <span class='ocrx_word' id='word_1_226' title='bbox 1434 2951 1487 3030; x_wconf 55' lang='grc' dir='ltr'><strong><em>εἰ),</em></strong></span> 
     </span>
    </p>
   </div>
   <div class='ocr_carea' id='block_1_5' title="bbox 360 3055 1601 3134">
    <p class='ocr_par' dir='ltr' id='par_1_6' title="bbox 360 3055 1601 3134">
     <span class='ocr_line' id='line_1_25' title="bbox 360 3055 1601 3134; baseline -0.002 -16"><span class='ocrx_word' id='word_1_227' title='bbox 360 3077 397 3118; x_wconf 87' lang='lat' dir='ltr'><strong>ex</strong></span> <span class='ocrx_word' id='word_1_228' title='bbox 421 3057 529 3134; x_wconf 88' lang='lat' dir='ltr'><strong>quibus</strong></span> <span class='ocrx_word' id='word_1_229' title='bbox 552 3056 659 3115; x_wconf 91' lang='lat' dir='ltr'><strong>librum</strong></span> <span class='ocrx_word' id='word_1_230' title='bbox 680 3056 718 3114; x_wconf 72' lang='lat' dir='ltr'><strong>Bl</strong></span> <span class='ocrx_word' id='word_1_231' title='bbox 741 3055 971 3133; x_wconf 75' lang='lat' dir='ltr'><strong>commiscuerit,</strong></span> <span class='ocrx_word' id='word_1_232' title='bbox 1001 3059 1160 3132; x_wconf 86' lang='lat' dir='ltr'><strong>praeterea</strong></span> <span class='ocrx_word' id='word_1_233' title='bbox 1187 3059 1286 3115; x_wconf 90' lang='lat' dir='ltr'><strong>antem</strong></span> <span class='ocrx_word' id='word_1_234' title='bbox 1313 3057 1400 3115; x_wconf 83' lang='lat' dir='ltr'><strong>eliam</strong></span> <span class='ocrx_word' id='word_1_235' title='bbox 1428 3056 1488 3116; x_wconf 93' lang='lat' dir='ltr'><strong>hoc</strong></span> <span class='ocrx_word' id='word_1_236' title='bbox 1600 3115 1601 3122; x_wconf 69' lang='grc'><strong><em>,</em></strong></span> 
     </span>
    </p>
   </div>
   <div class='ocr_carea' id='block_1_6' title="bbox 360 3138 1487 3440">
    <p class='ocr_par' dir='ltr' id='par_1_7' title="bbox 360 3138 1487 3440">
     <span class='ocr_line' id='line_1_26' title="bbox 360 3138 1486 3220; baseline -0.002 0"><span class='ocrx_word' id='word_1_237' title='bbox 360 3158 501 3220; x_wconf 86' lang='lat' dir='ltr'><strong>credibile</strong></span> <span class='ocrx_word' id='word_1_238' title='bbox 529 3163 573 3218; x_wconf 90' lang='lat' dir='ltr'><strong>est</strong></span> <span class='ocrx_word' id='word_1_239' title='bbox 604 3157 737 3218; x_wconf 89' lang='lat' dir='ltr'><strong>codicem</strong></span> <span class='ocrx_word' id='word_1_240' title='bbox 761 3159 799 3215; x_wconf 76' lang='lat' dir='ltr'><strong>B⁸</strong></span> <span class='ocrx_word' id='word_1_241' title='bbox 826 3138 895 3216; x_wconf 85' lang='lat' dir='ltr'><strong>olim</strong></span> <span class='ocrx_word' id='word_1_242' title='bbox 925 3157 954 3214; x_wconf 92' lang='lat' dir='ltr'><strong>in</strong></span> <span class='ocrx_word' id='word_1_243' title='bbox 983 3157 1167 3216; x_wconf 88' lang='lat' dir='ltr'><strong>deteriorum</strong></span> <span class='ocrx_word' id='word_1_244' title='bbox 1197 3156 1333 3217; x_wconf 92' lang='lat' dir='ltr'><strong>codicum</strong></span> <span class='ocrx_word' id='word_1_245' title='bbox 1361 3177 1486 3218; x_wconf 85' lang='lat' dir='ltr'><strong>numero</strong></span> 
     </span>
     <span class='ocr_line' id='line_1_27' title="bbox 360 3259 1487 3338; baseline -0.002 -16"><span class='ocrx_word' id='word_1_246' title='bbox 360 3263 460 3338; x_wconf 87' lang='lat' dir='ltr'><strong>luisse,</strong></span> <span class='ocrx_word' id='word_1_247' title='bbox 483 3259 591 3320; x_wconf 90' lang='lat' dir='ltr'><strong>deinde</strong></span> <span class='ocrx_word' id='word_1_248' title='bbox 614 3264 712 3319; x_wconf 85' lang='lat' dir='ltr'><strong>autem</strong></span> <span class='ocrx_word' id='word_1_249' title='bbox 737 3279 754 3318; x_wconf 85' lang='lat' dir='ltr'><strong>a</strong></span> <span class='ocrx_word' id='word_1_250' title='bbox 777 3259 865 3319; x_wconf 88' lang='lat' dir='ltr'><strong>docto</strong></span> <span class='ocrx_word' id='word_1_251' title='bbox 889 3259 989 3336; x_wconf 86' lang='lat' dir='ltr'><strong>aliquo</strong></span> <span class='ocrx_word' id='word_1_252' title='bbox 1006 3261 1070 3320; x_wconf 88' lang='lat' dir='ltr'><strong>viro</strong></span> <span class='ocrx_word' id='word_1_253' title='bbox 1093 3259 1130 3318; x_wconf 88' lang='lat' dir='ltr'><strong>ad</strong></span> <span class='ocrx_word' id='word_1_254' title='bbox 1151 3260 1294 3336; x_wconf 58' lang='lat' dir='ltr'><strong>librum&amp;</strong></span> <span class='ocrx_word' id='word_1_255' title='bbox 1317 3265 1487 3322; x_wconf 87' lang='lat' dir='ltr'><strong>correctum</strong></span> 
     </span>
     <span class='ocr_line' id='line_1_28' title="bbox 360 3361 1487 3440; baseline 0 -16"><span class='ocrx_word' id='word_1_256' title='bbox 360 3379 433 3424; x_wconf 86' lang='lat' dir='ltr'><strong>esse.</strong></span> <span class='ocrx_word' id='word_1_257' title='bbox 478 3365 562 3424; x_wconf 85' lang='lat' dir='ltr'><strong>Hanc</strong></span> <span class='ocrx_word' id='word_1_258' title='bbox 586 3361 789 3440; x_wconf 82' lang='lat' dir='ltr'><strong>quaestionem</strong></span> <span class='ocrx_word' id='word_1_259' title='bbox 812 3363 836 3422; x_wconf 91' lang='lat' dir='ltr'><strong>si</strong></span> <span class='ocrx_word' id='word_1_260' title='bbox 857 3362 1021 3422; x_wconf 87' lang='lat' dir='ltr'><strong>diiudicare</strong></span> <span class='ocrx_word' id='word_1_261' title='bbox 1043 3361 1205 3434; x_wconf 86' lang='lat' dir='ltr'><strong>studemus,</strong></span> <span class='ocrx_word' id='word_1_262' title='bbox 1229 3365 1333 3423; x_wconf 89' lang='lat' dir='ltr'><strong>summi</strong></span> <span class='ocrx_word' id='word_1_263' title='bbox 1357 3368 1403 3424; x_wconf 90' lang='lat' dir='ltr'><strong>est</strong></span> <span class='ocrx_word' id='word_1_264' title='bbox 1425 3383 1487 3424; x_wconf 92' lang='lat' dir='ltr'><strong>mo·</strong></span> 
     </span>
    </p>
   </div>
   <div class='ocr_carea' id='block_1_7' title="bbox 360 3464 1600 3544">
    <p class='ocr_par' dir='ltr' id='par_1_8' title="bbox 360 3464 1600 3544">
     <span class='ocr_line' id='line_1_29' title="bbox 360 3464 1600 3544; baseline 0 -18"><span class='ocrx_word' id='word_1_265' title='bbox 360 3468 458 3544; x_wconf 87' lang='lat' dir='ltr'><strong>menti,</strong></span> <span class='ocrx_word' id='word_1_266' title='bbox 481 3486 541 3543; x_wconf 92' lang='lat' dir='ltr'><strong>quo</strong></span> <span class='ocrx_word' id='word_1_267' title='bbox 558 3466 767 3526; x_wconf 85' lang='lat' dir='ltr'><strong>familiaritatis</strong></span> <span class='ocrx_word' id='word_1_268' title='bbox 783 3465 904 3524; x_wconf 84' lang='lat' dir='ltr'><strong>vinculo</strong></span> <span class='ocrx_word' id='word_1_269' title='bbox 929 3466 1123 3525; x_wconf 87' lang='lat' dir='ltr'><strong>ParisinusB</strong></span> <span class='ocrx_word' id='word_1_270' title='bbox 1146 3483 1212 3525; x_wconf 90' lang='lat' dir='ltr'><strong>cum</strong></span> <span class='ocrx_word' id='word_1_271' title='bbox 1230 3464 1442 3526; x_wconf 87' lang='lat' dir='ltr'><strong>Mediolanensi</strong></span> <span class='ocrx_word' id='word_1_272' title='bbox 1463 3468 1488 3526; x_wconf 87' lang='lat' dir='ltr'>L</span> <span class='ocrx_word' id='word_1_273' title='bbox 1599 3467 1600 3496; x_wconf 70' lang='lat'><strong>³</strong></span> 
     </span>
    </p>
   </div>
   <div class='ocr_carea' id='block_1_8' title="bbox 360 3568 1492 4159">
    <p class='ocr_par' dir='ltr' id='par_1_9' title="bbox 360 3568 1492 4159">
     <span class='ocr_line' id='line_1_30' title="bbox 360 3568 1490 3648; baseline 0 -18"><span class='ocrx_word' id='word_1_274' title='bbox 360 3570 537 3631; x_wconf 91' lang='lat' dir='ltr'><strong>coniunctus</strong></span> <span class='ocrx_word' id='word_1_275' title='bbox 560 3569 605 3641; x_wconf 89' lang='lat' dir='ltr'><strong>sit,</strong></span> <span class='ocrx_word' id='word_1_276' title='bbox 629 3587 717 3645; x_wconf 89' lang='lat' dir='ltr'><strong>quam</strong></span> <span class='ocrx_word' id='word_1_277' title='bbox 734 3569 770 3628; x_wconf 91' lang='lat' dir='ltr'><strong>ob</strong></span> <span class='ocrx_word' id='word_1_278' title='bbox 787 3587 848 3628; x_wconf 92' lang='lat' dir='ltr'><strong>rem</strong></span> <span class='ocrx_word' id='word_1_279' title='bbox 872 3569 975 3645; x_wconf 89' lang='lat' dir='ltr'><strong>paucis</strong></span> <span class='ocrx_word' id='word_1_280' title='bbox 998 3568 1035 3628; x_wconf 93' lang='lat' dir='ltr'><strong>de</strong></span> <span class='ocrx_word' id='word_1_281' title='bbox 1055 3569 1105 3630; x_wconf 90' lang='lat' dir='ltr'><strong>illo</strong></span> <span class='ocrx_word' id='word_1_282' title='bbox 1122 3569 1226 3629; x_wconf 90' lang='lat' dir='ltr'><strong>codice</strong></span> <span class='ocrx_word' id='word_1_283' title='bbox 1249 3568 1406 3629; x_wconf 89' lang='lat' dir='ltr'><strong>dicendum</strong></span> <span class='ocrx_word' id='word_1_284' title='bbox 1430 3578 1490 3648; x_wconf 90' lang='lat' dir='ltr'><strong>est,</strong></span> 
     </span>
     <span class='ocr_line' id='line_1_31' title="bbox 360 3671 1488 3751; baseline 0.001 -19"><span class='ocrx_word' id='word_1_285' title='bbox 360 3674 534 3751; x_wconf 87' lang='lat' dir='ltr'><strong>prinsquam</strong></span> <span class='ocrx_word' id='word_1_286' title='bbox 565 3671 603 3730; x_wconf 86' lang='lat' dir='ltr'><strong>ad</strong></span> <span class='ocrx_word' id='word_1_287' title='bbox 635 3690 695 3731; x_wconf 89' lang='lat' dir='ltr'><strong>rem</strong></span> <span class='ocrx_word' id='word_1_288' title='bbox 728 3672 822 3746; x_wconf 87' lang='lat' dir='ltr'><strong>ipsam</strong></span> <span class='ocrx_word' id='word_1_289' title='bbox 854 3673 1036 3747; x_wconf 87' lang='lat' dir='ltr'><strong>perveniam.</strong></span> <span class='ocrx_word' id='word_1_290' title='bbox 1087 3673 1244 3748; x_wconf 84' lang='lat' dir='ltr'><strong>Emperius</strong></span> <span class='ocrx_word' id='word_1_291' title='bbox 1277 3672 1313 3732; x_wconf 93' lang='lat' dir='ltr'><strong>de</strong></span> <span class='ocrx_word' id='word_1_292' title='bbox 1343 3691 1378 3732; x_wconf 92' lang='lat' dir='ltr'><strong>eo</strong></span> <span class='ocrx_word' id='word_1_293' title='bbox 1408 3672 1488 3733; x_wconf 91' lang='lat' dir='ltr'><strong>libro</strong></span> 
     </span>
     <span class='ocr_line' id='line_1_32' title="bbox 360 3771 1489 3851; baseline 0.002 -18"><span class='ocrx_word' id='word_1_294' title='bbox 360 3771 485 3851; x_wconf 66' lang='lat' dir='ltr'><strong>augensi)</strong></span> <span class='ocrx_word' id='word_1_295' title='bbox 508 3773 584 3834; x_wconf 87' lang='lat' dir='ltr'><strong>haec</strong></span> <span class='ocrx_word' id='word_1_296' title='bbox 606 3772 735 3851; x_wconf 84' lang='lat' dir='ltr'><strong>profert:</strong></span> <span class='ocrx_word' id='word_1_297' title='bbox 763 3772 845 3846; x_wconf 82' lang='lat' dir='ltr'><strong>,scre</strong></span> <span class='ocrx_word' id='word_1_298' title='bbox 868 3774 1022 3851; x_wconf 89' lang='lat' dir='ltr'><strong>conspirat</strong></span> <span class='ocrx_word' id='word_1_299' title='bbox 1045 3793 1110 3834; x_wconf 93' lang='lat' dir='ltr'><strong>cum</strong></span> <span class='ocrx_word' id='word_1_300' title='bbox 1134 3775 1173 3845; x_wconf 89' lang='lat' dir='ltr'><strong>B;</strong></span> <span class='ocrx_word' id='word_1_301' title='bbox 1197 3775 1246 3834; x_wconf 91' lang='lat' dir='ltr'><strong>ubi</strong></span> <span class='ocrx_word' id='word_1_302' title='bbox 1269 3776 1306 3834; x_wconf 87' lang='lat' dir='ltr'><strong>ab</strong></span> <span class='ocrx_word' id='word_1_303' title='bbox 1330 3775 1387 3834; x_wconf 93' lang='lat' dir='ltr'><strong>hoc</strong></span> <span class='ocrx_word' id='word_1_304' title='bbox 1409 3775 1489 3836; x_wconf 89' lang='lat' dir='ltr'><strong>libro</strong></span> 
     </span>
     <span class='ocr_line' id='line_1_33' title="bbox 360 3875 1486 3955; baseline 0 -19"><span class='ocrx_word' id='word_1_305' title='bbox 360 3876 467 3950; x_wconf 87' lang='lat' dir='ltr'><strong>deficit,</strong></span> <span class='ocrx_word' id='word_1_306' title='bbox 491 3895 557 3936; x_wconf 92' lang='lat' dir='ltr'><strong>cum</strong></span> <span class='ocrx_word' id='word_1_307' title='bbox 575 3878 618 3955; x_wconf 74' lang='lat' dir='ltr'><strong>M,</strong></span> <span class='ocrx_word' id='word_1_308' title='bbox 641 3876 732 3953; x_wconf 83' lang='lat' dir='ltr'><strong>igitur</strong></span> <span class='ocrx_word' id='word_1_309' title='bbox 755 3876 802 3936; x_wconf 93' lang='lat' dir='ltr'><strong>hic</strong></span> <span class='ocrx_word' id='word_1_310' title='bbox 819 3894 940 3952; x_wconf 90' lang='lat' dir='ltr'><strong>quoque</strong></span> <span class='ocrx_word' id='word_1_311' title='bbox 964 3875 1078 3935; x_wconf 89' lang='lat' dir='ltr'><strong>medius</strong></span> <span class='ocrx_word' id='word_1_312' title='bbox 1095 3882 1140 3936; x_wconf 88' lang='lat' dir='ltr'><strong>est</strong></span> <span class='ocrx_word' id='word_1_313' title='bbox 1163 3877 1320 3953; x_wconf 84' lang='lat' dir='ltr'><strong>utriusque</strong></span> <span class='ocrx_word' id='word_1_314' title='bbox 1337 3877 1486 3953; x_wconf 87' lang='lat' dir='ltr'><strong>generis.“</strong></span> 
     </span>
     <span class='ocr_line' id='line_1_34' title="bbox 360 3978 1491 4057; baseline 0.001 -18"><span class='ocrx_word' id='word_1_315' title='bbox 360 3979 567 4057; x_wconf 81' lang='lat' dir='ltr'><strong>Intellegimus</strong></span> <span class='ocrx_word' id='word_1_316' title='bbox 590 3979 680 4055; x_wconf 86' lang='lat' dir='ltr'><strong>igitur</strong></span> <span class='ocrx_word' id='word_1_317' title='bbox 703 3978 823 4038; x_wconf 91' lang='lat' dir='ltr'><strong>doctum</strong></span> <span class='ocrx_word' id='word_1_318' title='bbox 839 3978 922 4038; x_wconf 91' lang='lat' dir='ltr'><strong>illum</strong></span> <span class='ocrx_word' id='word_1_319' title='bbox 939 3979 1035 4037; x_wconf 84' lang='lat' dir='ltr'><strong>virum</strong></span> <span class='ocrx_word' id='word_1_320' title='bbox 1059 3979 1140 4037; x_wconf 93' lang='lat' dir='ltr'><strong>hunc</strong></span> <span class='ocrx_word' id='word_1_321' title='bbox 1156 3979 1289 4038; x_wconf 91' lang='lat' dir='ltr'><strong>codicem</strong></span> <span class='ocrx_word' id='word_1_322' title='bbox 1312 3979 1408 4039; x_wconf 90' lang='lat' dir='ltr'><strong>eidem</strong></span> <span class='ocrx_word' id='word_1_323' title='bbox 1431 3981 1491 4040; x_wconf 89' lang='lat' dir='ltr'><strong>ad·</strong></span> 
     </span>
     <span class='ocr_line' id='line_1_35' title="bbox 361 4080 1492 4159; baseline 0.004 -18"><span class='ocrx_word' id='word_1_324' title='bbox 361 4083 516 4159; x_wconf 89' lang='lat' dir='ltr'><strong>scripsisse</strong></span> <span class='ocrx_word' id='word_1_325' title='bbox 538 4081 641 4157; x_wconf 83' lang='lat' dir='ltr'><strong>generi</strong></span> <span class='ocrx_word' id='word_1_326' title='bbox 671 4085 762 4156; x_wconf 86' lang='lat' dir='ltr'><strong>atque</strong></span> <span class='ocrx_word' id='word_1_327' title='bbox 784 4081 952 4140; x_wconf 88' lang='lat' dir='ltr'><strong>Parisinnm</strong></span> <span class='ocrx_word' id='word_1_328' title='bbox 969 4082 1001 4152; x_wconf 90' lang='grc' dir='ltr'><strong><em>Β,</em></strong></span> <span class='ocrx_word' id='word_1_329' title='bbox 1029 4080 1059 4139; x_wconf 84' lang='grc' dir='ltr'><strong>Μ</strong></span> <span class='ocrx_word' id='word_1_330' title='bbox 1087 4080 1167 4158; x_wconf 92' lang='lat' dir='ltr'><strong>quod</strong></span> <span class='ocrx_word' id='word_1_331' title='bbox 1190 4082 1267 4140; x_wconf 92' lang='lat' dir='ltr'><strong>insto</strong></span> <span class='ocrx_word' id='word_1_332' title='bbox 1291 4081 1356 4141; x_wconf 92' lang='lat' dir='ltr'><strong>inre</strong></span> <span class='ocrx_word' id='word_1_333' title='bbox 1378 4083 1492 4144; x_wconf 84' lang='lat' dir='ltr'><strong>iecisse</strong></span> 
     </span>
    </p>
   </div>
   <div class='ocr_carea' id='block_1_9' title="bbox 360 4241 1493 4483">
    <p class='ocr_par' dir='ltr' id='par_1_10' title="bbox 360 4241 1493 4483">
     <span class='ocr_line' id='line_1_36' title="bbox 447 4241 1493 4314; baseline 0.004 -18"><span class='ocrx_word' id='word_1_334' title='bbox 447 4247 468 4307; x_wconf 88' lang='lat'><strong>¹)</strong></span> <span class='ocrx_word' id='word_1_335' title='bbox 493 4243 538 4297; x_wconf 82' lang='lat' dir='ltr'><strong>Sic</strong></span> <span class='ocrx_word' id='word_1_336' title='bbox 553 4241 693 4296; x_wconf 87' lang='lat' dir='ltr'><strong>nominare</strong></span> <span class='ocrx_word' id='word_1_337' title='bbox 710 4241 791 4296; x_wconf 86' lang='lat' dir='ltr'><strong>liceat</strong></span> <span class='ocrx_word' id='word_1_338' title='bbox 810 4257 870 4295; x_wconf 91' lang='lat' dir='ltr'><strong>eum</strong></span> <span class='ocrx_word' id='word_1_339' title='bbox 890 4241 1036 4296; x_wconf 86' lang='lat' dir='ltr'><strong>deterioris</strong></span> <span class='ocrx_word' id='word_1_340' title='bbox 1048 4242 1160 4310; x_wconf 81' lang='lat' dir='ltr'><strong>generis</strong></span> <span class='ocrx_word' id='word_1_341' title='bbox 1173 4242 1281 4312; x_wconf 87' lang='lat' dir='ltr'><strong>librum,</strong></span> <span class='ocrx_word' id='word_1_342' title='bbox 1300 4260 1420 4314; x_wconf 88' lang='lat' dir='ltr'><strong>quocum</strong></span> <span class='ocrx_word' id='word_1_343' title='bbox 1440 4261 1493 4300; x_wconf 91' lang='lat' dir='ltr'><strong>co·</strong></span> 
     </span>
     <span class='ocr_line' id='line_1_37' title="bbox 360 4327 926 4384; baseline -0.012 0"><span class='ocrx_word' id='word_1_344' title='bbox 360 4329 413 4384; x_wconf 87' lang='lat' dir='ltr'><strong>dcx</strong></span> <span class='ocrx_word' id='word_1_345' title='bbox 427 4329 464 4381; x_wconf 70' lang='lat' dir='ltr'><strong>Bu</strong></span> <span class='ocrx_word' id='word_1_346' title='bbox 481 4328 618 4382; x_wconf 85' lang='lat' dir='ltr'><strong>artissime</strong></span> <span class='ocrx_word' id='word_1_347' title='bbox 636 4327 767 4382; x_wconf 76' lang='lat' dir='ltr'><strong>cohaesit.</strong></span> <span class='ocrx_word' id='word_1_348' title='bbox 923 4335 926 4340; x_wconf 89' lang='grc'><strong><em>·</em></strong></span> 
     </span>
     <span class='ocr_line' id='line_1_38' title="bbox 445 4409 852 4483; baseline -0.005 -16"><span class='ocrx_word' id='word_1_349' title='bbox 445 4415 467 4480; x_wconf 78' lang='lat'><strong>²)</strong></span> <span class='ocrx_word' id='word_1_350' title='bbox 492 4411 534 4467; x_wconf 80' lang='lat' dir='ltr'><strong>ef.</strong></span> <span class='ocrx_word' id='word_1_351' title='bbox 553 4409 640 4483; x_wconf 86' lang='lat' dir='ltr'><strong>praef.</strong></span> <span class='ocrx_word' id='word_1_352' title='bbox 658 4429 685 4480; x_wconf 90' lang='lat' dir='ltr'><strong>p.</strong></span> <span class='ocrx_word' id='word_1_353' title='bbox 698 4411 764 4466; x_wconf 86' lang='lat' dir='ltr'><strong>XVI</strong></span> <span class='ocrx_word' id='word_1_354' title='bbox 782 4413 852 4482; x_wconf 58' lang='lat'>538.</span> 
     </span>
    </p>
   </div>
   <div class='ocr_carea' id='block_1_10' title="bbox 0 0 1620 5044">
    <p class='ocr_par' dir='ltr' id='par_1_11' title="bbox 0 0 1620 5044">
     <span class='ocr_line' id='line_1_39' title="bbox 0 0 1620 5044; baseline 0 0"><span class='ocrx_word' id='word_1_355' title='bbox 0 0 1620 5044; x_wconf 95' lang='lat' dir='ltr'><strong> </strong></span> 
     </span>
    </p>
   </div>
  </div>
 </body>
</html>
