3216 5044
1179 437 1218 494 27

95 625 185 683 supra
201 606 336 684 exposui,
358 609 438 665 recte
454 603 609 681 iudicavit3
634 623 676 664 or.
691 605 720 664 II
738 608 787 681 72,
804 608 821 664 6
845 608 944 664 autem
968 609 998 665 et
1020 622 1062 665 or.
1076 605 1119 664 Xi
1135 606 1186 678 55,
1201 607 1219 664 3

94 708 123 766 iu
147 708 203 768 hoc
225 706 328 767 codice
356 706 478 766 eaedem
506 710 626 767 exstant
648 707 816 784 scripturae
846 710 938 783 atque
966 707 995 765 in
1020 706 1219 766 deterioribus

11 857 12 862 ,
94 809 259 888 codicibus,
287 810 391 887 itaque
417 808 584 886 putandum
611 813 657 869 est
683 809 772 869 etiam
800 808 845 868 his
868 808 985 868 duobus
1008 809 1081 869 iocis
1109 807 1220 868 codicis

94 914 228 973 Vaticani
244 914 270 972 V
291 913 434 973 lectiones
458 911 602 988 originem
626 912 736 972 ducere
760 930 796 971 ex
812 912 914 988 aliquo
931 912 1087 972 deterioris
1102 911 1220 988 generis

92 1015 205 1076 codice.
250 1015 329 1089 Quid
353 1015 465 1093 igitur?
497 1033 597 1075 nonne
620 1015 694 1074 haec
716 1013 769 1074 tibi
792 1014 891 1090 placet
912 1015 1059 1074 sententia
1087 1013 1220 1074 codicem

92 1121 129 1178 B³
155 1124 321 1178 correctum
350 1135 415 1178 esse
443 1116 481 1176 ad
510 1117 642 1176 codicem
663 1117 690 1192 ξ,
717 1118 892 1193 priusquam
921 1116 969 1175 hic
992 1117 1057 1192 ipse
1080 1116 1155 1176 iiber
1172 1115 1220 1175 ‘ad

91 1221 270 1280 deteriorem
295 1219 423 1296 aliquem
447 1219 582 1279 codicem
606 1222 759 1279 correctus
783 1211 850 1278 est?
1299 1209 1301 1216 ’

180 1322 277 1396 Quam
293 1323 472 1383 seutentiam
488 1323 512 1381 si
526 1321 726 1398 amplecteris,
741 1320 827 1380 facile
841 1338 1014 1399 cognosces,
1030 1340 1107 1398 quac
1119 1325 1219 1381 aucto·

89 1426 165 1485 ritas
185 1425 227 1484 eis
244 1423 403 1484 tribuenda
419 1424 457 1484 sit
472 1424 553 1501 locis,
577 1424 627 1483 ubi
639 1431 710 1483 'non
726 1424 819 1482 solum
841 1423 961 1483 codices
976 1425 1000 1481 B
1016 1428 1046 1483 et
1062 1426 1095 1495 V,
1115 1441 1220 1483 verum

89 1528 182 1587 ctiam
204 1526 361 1588 deterioris
383 1527 503 1603 generis
526 1526 593 1586 iibri
618 1525 801 1602 conspirant,
829 1528 873 1585 ut:
904 1527 999 1586 oratio
1014 1527 1042 1585 11
1065 1530 1091 1598 6,
1108 1529 1140 1587 5:
1163 1526 1221 1585 BV

89 1628 151 1688 ΝΟ
176 1621 204 1686 st
220 1620 255 1687 δὲ
269 1617 326 1706 μὴ,
343 1625 425 1700 πῶς,
450 1628 509 1689 ΟΜ
529 1614 652 1706 ἢπῶς;
676 1632 703 1699 i,
720 1632 752 1688 3:
774 1627 896 1688 BVNO
918 1613 1074 1705 ἄχθομαι,
1097 1631 1126 1687 Μ
1147 1613 1220 1687 o'vc'·

89 1745 203 1809 χομαι;
229 1736 277 1807 17,
293 1736 324 1791 4:
348 1733 437 1790 BVN
444 1729 468 1790 0
494 1715 560 1808 ἅμα
576 1727 627 1807 τῇ,
650 1730 737 1791 PGM
762 1713 837 1807 ἅμα.
882 1731 928 1789 De
952 1732 995 1789 cis
1016 1731 1089 1790 locis
1112 1731 1154 1790 sic
1177 1732 1220 1790 iu·

88 1834 169 1894 dico.
213 1833 315 1894 Codex
337 1834 355 1909 ξ
383 1852 449 1892 cum
473 1853 509 1894 ea
531 1838 638 1906 aetate,
667 1851 727 1909 qua
752 1832 790 1891 ad
815 1851 881 1892 eum
909 1832 986 1891 liber
1007 1834 1045 1891 Ba
1067 1837 1219 1893 correctus

89 1941 145 2008 est,
170 1935 301 1997 nondum
325 1936 483 1997 deterioris
506 1935 629 2013 generis
652 1934 808 2010 scripturis
832 1935 1014 2012 depravatus
1037 1935 1137 2012 fuerit,
1164 1937 1218 1996 Pa-

88 2038 174 2100 risini
195 2041 218 2098 B
242 2038 388 2099 lectiones
417 2037 486 2098 inde
511 2039 656 2117 originem
681 2038 802 2109 ducunt,
831 2037 913 2115 quod
936 2039 974 2097 Ba
996 2039 1063 2098 olim
1087 2041 1116 2098 in
1141 2040 1219 2100 dete·

88 2143 203 2202 riorum
220 2140 356 2201 codicum
373 2159 496 2201 numero
519 2140 586 2211 suit;
611 2139 720 2200 deinde
736 2145 833 2199 autem
858 2141 946 2200 ctiam
963 2139 1075 2200 codicis
1090 2141 1108 2217 ξ
1127 2143 1218 2218 scrip·

86 2248 177 2304 turae
207 2261 244 2303 ex
272 2241 470 2303 deterioribus
501 2242 626 2302 haustae
654 2246 725 2301 sunt
751 2241 843 2301 tibris.
887 2241 1031 2303 Omnibus
1058 2243 1150 2319 igitur
1177 2245 1218 2304 eis

88 2346 176 2421 locis,
205 2344 255 2404 ubi
286 2349 316 2404 et
346 2343 466 2404 codices
492 2346 547 2404 BV
576 2348 606 2404 et
637 2344 802 2404 deteriores
829 2343 895 2402 libri
926 2345 1046 2404 easdem
1077 2346 1218 2406 exhibent

87 2449 244 2524 lectiones,
266 2447 385 2507 illorum
406 2447 542 2507 codicum
564 2446 741 2507 auctoritate
764 2447 915 2522 genuinae
938 2447 1049 2506 codicis
1066 2442 1092 2524 d,
1114 2450 1217 2508 arohe-

87 2550 157 2628 typi
180 2547 362 2610 deteriorum
385 2549 537 2621 librorum,
561 2550 728 2626 scripturae
750 2553 887 2609 servatae
909 2547 995 2609 nobis
1018 2554 1096 2622 suut,
1119 2569 1217 2627 nequo

87 2653 148 2712 hoc
171 2656 279 2728 putare
302 2651 388 2712 nobis
411 2652 480 2711 iicet
507 2651 661 2711 codicibus
681 2650 741 2712 ΝΟ
769 2654 859 2726 atque
883 2648 1013 2710 editione
1029 2652 1144 2711 Veneta
1167 2650 1217 2712 de·

86 2754 242 2828 teriorum,
272 2753 355 2813 libris
384 2760 483 2813 autem
509 2753 565 2812 BV
592 2753 747 2813 meliorum
775 2752 909 2813 codicum
940 2753 1082 2814 lectiones
1109 2773 1218 2815 memo-

85 2856 153 2917 riae
177 2855 277 2932 prodi.-

178 2957 262 3031 Quae
286 2977 353 3018 cum
376 2959 417 3019 ita
439 2959 507 3034 sint,
529 2958 587 3018 hoc
609 2977 664 3035 pro
681 2962 762 3019 ocrto
785 2957 881 3019 habeo
905 2957 1037 3019 codicem
1058 2961 1096 3018 Ba
1118 2978 1216 3038 neque

85 3061 127 3121 ad
162 3061 292 3121 codicem
320 3078 343 3138 μ
376 3079 474 3140 neque
505 3059 543 3120 ad
575 3059 709 3121 codicem
736 3078 754 3120 ο
787 3064 954 3121 correctum
986 3079 1062 3136 csse,
1095 3061 1148 3122 sed
1178 3063 1216 3124 ad

86 3163 197 3224 librum
217 3163 245 3237 ξ.

177 3267 275 3342 Nunc,
302 3285 432 3344 quocum
460 3267 618 3328 deterioris
641 3267 761 3343 generis
789 3266 864 3327 libro
893 3266 989 3327 codex
1009 3269 1048 3326 Βῑι
1070 3269 1217 3332 artissime

85 3370 261 3444 cohaereat,
283 3387 435 3446 exponere
459 3389 518 3430 non
534 3369 668 3445 ineptum
685 3373 773 3429 esset.
815 3367 873 3429 Sed
898 3388 964 3429 cum
988 3370 1136 3430 disserere
1160 3372 1217 3431 hoc

85 3492 151 3533 non
176 3472 332 3550 possimus,
354 3474 409 3533 uisi
434 3491 536 3534 omues
557 3473 692 3534 codicum
714 3474 902 3534 Monacensis
918 3475 946 3534 N
963 3473 1032 3534 ctO
1052 3476 1217 3551 scripturas

83 3577 374 3654 enumeraverimus,
397 3577 427 3635 in
451 3576 589 3653 sequenti
613 3576 830 3637 dissertationis
852 3579 937 3652 parte
961 3575 999 3636 de
1019 3595 1054 3636 ea
1069 3594 1102 3637 re
1126 3596 1217 3653 agere

84 3677 162 3738 mibi
185 3679 337 3754 proposui.

176 3781 289 3854 Restat,
320 3785 352 3840 ut
375 3780 412 3840 de
435 3785 541 3854 aetate,
568 3800 628 3859 qua
652 3781 747 3842 codex
768 3781 806 3840 Bu
828 3781 867 3841 ad
889 3781 997 3841 librum
1018 3782 1036 3857 ξ
1064 3786 1216 3842 correctus

83 3885 136 3957 sit,
160 3881 300 3943 dicamus.
345 3882 447 3943 Codex
463 3884 626 3945 Vaticanus
643 3887 666 3944 V
683 3886 902 3946 vetustissimus
922 3886 1050 3946 omnium
1071 3886 1216 3947 librorum

85 4004 160 4047 cum
184 3984 342 4045 undecimo
366 3986 494 4063 scriptus
516 3987 554 4045 sit
576 3988 705 4058 saeculo,
729 3988 792 4047 cius
814 3992 913 4048 antem
936 3988 1119 4066 archetypus
1142 4009 1215 4050 uon-

84 4089 163 4148 dum
193 4085 373 4147 deteriorum
404 4088 545 4149 librorum
577 4089 734 4167 scripturis
763 4109 798 4149 ea
824 4095 921 4152 aetate
949 4092 1088 4168 impietus
1118 4091 1217 4169 fuerit,

84 4209 153 4269 qua
182 4189 278 4250 codex
297 4191 336 4250 Βῑι
357 4189 396 4250 ad
419 4190 589 4265 codicem§
616 4196 769 4254 correctus
797 4197 852 4272 est,
882 4195 971 4269 plane
999 4199 1126 4272 apparet
1154 4215 1214 4257 non

84 4295 161 4370 post
193 4291 306 4350 initium
338 4290 487 4352 undecimi
518 4292 629 4352 sacculi
660 4292 783 4354 mixtum
812 4293 917 4354 librum
945 4297 984 4354 Ba
1012 4300 1110 4356 ortum
1140 4315 1214 4357 esse.

84 4393 157 4454 Hoc
188 4395 289 4453 autem
324 4394 462 4470 optimam
501 4393 624 4470 praebet
658 4413 774 4476 ausam,
808 4399 841 4456 ut
874 4395 1117 4474 determinemus,
1155 4416 1215 4476 qua
