3216 5044
480 1445 840 1540 commentatiuncula
863 1458 908 1538 ad
930 1459 1074 1538 teriiann
1095 1462 1233 1559 partem
1258 1463 1449 1560 pertinens.

489 1706 529 1764 Ul
557 1705 625 1764 mihi
655 1707 810 1783 proposui,
839 1706 869 1764 iu
900 1705 1066 1782 appendice
1096 1704 1133 1764 ad
1164 1705 1284 1766 tertiam
1314 1711 1429 1784 partem
1461 1724 1520 1784 per·

402 1808 515 1868 tinente
543 1809 629 1867 etiam
654 1808 837 1884 reliquorum
861 1807 1018 1868 deterioris
1041 1809 1160 1883 generis
1184 1808 1320 1869 oodioum
1349 1811 1519 1870 mentionem

403 1910 517 1971 faciam.
633 1925 636 1938 ·

488 2014 632 2075 Permulti
665 2013 821 2075 deterioris
849 2013 969 2092 generis
998 2015 1064 2075 libri
1095 2033 1182 2075 manu
1214 2015 1316 2092 scripti
1348 2033 1519 2093 quamquam

403 2118 513 2177 servati
535 2117 620 2176 uobis
644 2120 722 2194 suut,
745 2116 871 2176 maxime
893 2121 991 2176 tamen
1015 2121 1061 2176 ost
1084 2115 1254 2192 dolendum,
1277 2117 1359 2193 quod
1381 2119 1459 2178 alius
1479 2135 1521 2175 oo·

403 2219 461 2278 dex
484 2237 549 2278 oum
574 2219 633 2278 alia
656 2220 784 2279 oollatus
800 2223 847 2278 est
870 2220 1014 2279 oratione.
1060 2218 1133 2278 luds
1149 2219 1224 2278 onim
1240 2224 1367 2297 apparet
1387 2219 1451 2279 fieri
1468 2237 1521 2278 non

324 2405 325 2410 η
403 2339 499 2399 posse,
528 2327 562 2382 ut
591 2323 793 2400 comparando
824 2322 913 2381 alium
942 2323 1073 2382 oodioem
1103 2340 1169 2381 oum
1191 2323 1250 2383 alio
1281 2322 1522 2396 demonstremus,

403 2442 463 2500 quo
487 2423 697 2485 familiaritatis
720 2425 841 2484 vinonio
869 2426 948 2485 iuter
969 2442 1001 2484 se
1028 2425 1178 2484 oouiouoti
1201 2425 1269 2484 sint.
1313 2425 1370 2486 Sed
1400 2427 1425 2486 si
1454 2425 1521 2484 haee
1581 2409 1582 2434 ³

403 2528 562 2587 euuoleare
592 2528 759 2603 studemus,
789 2528 872 2588 nullo
901 2528 959 2586 alio
990 2527 1076 2586 modo
1106 2526 1162 2586 nisi
1194 2527 1369 2587 oir·ouitione
1397 2526 1521 2603 quadam

403 2621 610 2707 quaestionem
625 2631 702 2690 illam
727 2629 894 2690 diiudicare
917 2647 1088 2707 possumus:
1113 2630 1256 2707 eligamus
1279 2629 1433 2706 (ruendam¹
1450 2628 1521 2688 oodi-

403 2751 477 2810 oem,
505 2752 634 2810 quonum
658 2751 760 2792 omues
785 2733 912 2793 oollatae
936 2736 1006 2792 sunt
1034 2732 1139 2792 Dionis
1162 2733 1318 2802 orationes,
1346 2735 1438 2809 atque
1461 2749 1520 2790 oum

403 2836 451 2895 illo
472 2836 548 2896 libro
572 2854 778 2914 comparemus
801 2835 968 2896 deteriores
991 2836 1058 2895 illos
1081 2835 1209 2896 oodioes.
1253 2837 1299 2895 Ex
1321 2853 1357 2895 ea
1380 2836 1458 2896 euim
1481 2853 1521 2894 ra·

402 2939 491 3015 tione,
519 2958 578 3016 qua
601 2941 628 2999 oi
652 2939 720 3017 libri
744 2957 810 2998 oum
834 2938 886 2997 iilo
910 2937 1013 2997 oodioe
1040 2935 1209 3010 noluerent,
1238 2938 1416 2998 oonoludere
1442 2935 1520 2996 simul

402 3058 571 3119 possumus,
593 3041 742 3118 quomodo
765 3041 822 3117 ipsi
842 3042 919 3100 inter
935 3058 967 3100 se
983 3041 1135 3100 oonionoti
1151 3042 1219 3101 siut.
1262 3040 1364 3118 Atque
1386 3041 1411 3100 si
1435 3057 1519 3117 qnae·
1582 3077 1583 3092 .

404 3146 504 3222 rimus,
527 3163 684 3221 quemnam
709 3144 841 3204 oodioem
865 3143 1005 3203 idoneum
1028 3148 1175 3222 putemus,
1204 3144 1289 3204 ouius
1311 3143 1424 3204 auxilio
1448 3143 1520 3201 illam

402 3246 518 3323 ingredi
541 3248 691 3324 possimus
708 3248 795 3323 viam,
818 3246 918 3306 nullus
936 3246 1013 3305 alius
1036 3247 1129 3322 magIs
1152 3246 1303 3323 quadrare
1323 3246 1393 3305 mihi
1408 3244 1522 3304 videtur
1582 3311 1583 3346 1

402 3351 458 3410 uisi
481 3352 634 3410 Parisinus
653 3334 698 3428 B,
714 3351 798 3410 ouius
822 3349 1005 3424 archetypus
1028 3349 1078 3425 Bi,
1105 3349 1191 3408 siouti
1216 3349 1245 3408 in
1268 3350 1364 3408 altera
1387 3347 1521 3408 disserta·
1582 3353 1583 3418 i

402 3454 491 3515 tionis
517 3457 603 3531 parte
631 3452 765 3531 exposui,
792 3453 861 3513 olim
889 3452 918 3512 in
942 3450 1122 3512 deteriorum
1146 3451 1282 3512 oudinum
1311 3469 1435 3512 numero
1464 3449 1521 3508 init

402 3558 480 3617 Nam
503 3558 527 3617 si
550 3558 764 3617 ParisiuumB
792 3556 936 3633 eligimus,
964 3555 1051 3614 simul
1080 3555 1299 3630 rogassemus,¹
1326 3572 1455 3632 quonum
1478 3552 1521 3611 de·

402 3662 521 3721 terioris
548 3661 667 3737 generis
694 3659 797 3720 oodios
824 3659 899 3718 liber
923 3659 961 3717 Bu
987 3658 1054 3718 olim
1082 3659 1178 3718 artius
1207 3675 1296 3734 quam
1324 3675 1390 3716 oum
1419 3657 1522 3716 ceteris

402 3764 575 3824 cohaeserit.
1582 3829 1583 3842 χ

488 3867 575 3943 Quod
604 3886 669 3927 oum
693 3864 772 3925 haud
796 3865 883 3942 parvi
911 3864 981 3923 mihi
1004 3863 1143 3924 videatur
1166 3866 1306 3925 momenti
1329 3883 1406 3941 osse,
1431 3865 1521 3940 prius·
1581 3845 1583 3882 ³

283 3968 286 3972 ’
402 3989 492 4049 quam
515 3971 552 4031 de
568 3971 675 4031 ceteris
691 3968 889 4030 deterioribus
904 3966 989 4028 libris
1009 3967 1150 4039 dieamus,
1174 3985 1325 4044 exponere
1343 3967 1411 4026 mihi
1429 3967 1521 4033 liceat,

402 4079 501 4134 utrum
525 4073 715 4134 Monacensis
734 4073 763 4132 N
790 4091 827 4131 an
857 4068 1091 4130 MonacensisO
1119 4069 1286 4147 scripturae
1314 4070 1434 4145 saepius
1461 4085 1521 4126 oum

401 4176 579 4236 ParisinoB
603 4175 783 4252 conspirent.
827 4175 904 4234 Nam
929 4172 1062 4232 oodioem
1082 4173 1121 4231 B*
1144 4171 1211 4230 olim
1236 4189 1295 4231 nou
1317 4170 1348 4229 iu
1372 4188 1406 4229 ea
1428 4185 1521 4228 versa·

403 4285 465 4340 tum
487 4279 580 4339 fnisse
602 4278 724 4355 familia,
746 4277 830 4337 onius
854 4275 1015 4336 membrum
1040 4273 1131 4336 editio
1148 4276 1264 4335 Veneta
1287 4277 1341 4351 est,
1363 4272 1413 4333 sod
1437 4273 1466 4333 iu
1482 4289 1521 4348 ea,

403 4385 450 4444 oui
474 4383 539 4443 libri
562 4383 591 4442 N
613 4385 642 4442 et
663 4381 688 4443 0
711 4378 903 4441 adscribendi
925 4383 1004 4457 snut,
1032 4377 1175 4455 exemplis
1201 4397 1230 4456 p.
1251 4380 1269 4438 9
1292 4380 1323 4437 et
1345 4395 1373 4453 p.
1393 4379 1431 4436 72
1459 4374 1521 4434 alla·
