3216 5044
1172 419 1210 476 61

87 577 197 660 γασίαι
219 577 276 642 καί
297 576 420 660 τέχναι,
447 585 537 659 atque
566 582 647 659 qnod
676 601 713 642 ex
735 583 835 644 verbis
863 568 940 642 οὔτε
956 571 1045 643 ’καθ’
1058 567 1212 644 Ἡσίοδον

85 672 163 744 οὔτε
185 670 266 745 καθ’
281 669 367 764 ἡμᾶς
390 683 474 764 (111,
493 682 526 757 4)
552 686 756 762 intellegimus
785 704 914 764 pergere
941 705 1007 747 enm
1036 687 1074 747 de
1096 689 1212 748 artibus
1238 686 1241 690 ’

88 794 182 867 atque
206 788 243 848 de
265 789 393 866 negotiis
417 787 527 848 dicere.
571 788 684 848 Contra
706 789 762 848 hac
786 807 889 849 voces:
916 774 1041 867 οὐγὰρ
1066 775 1106 848 Σίν
1128 806 1212 849 ποτε

83 923 125 930 -
147 885 374 971 προσηγορίας
401 891 592 968 parenthesis
620 891 706 968 qnasi
732 891 798 951 loco
826 891 896 950 milri
919 891 1060 952 videntur
1087 893 1211 970 positae,

84 999 270 1072 quapropter
297 995 388 1054 nimia
417 994 487 1053 hnic
515 993 714 1054 enuntiationi
746 994 887 1054 tribuitur
918 995 1088 1071 auctoritas,
1119 997 1142 1055 si
1173 995 1211 1055 ad

82 1116 248 1175 pronomen
284 1084 334 1167 οἷς
366 1097 541 1174 supplemus
576 1085 685 1174 ἔργον.
739 1097 807 1156 Huc
841 1096 968 1173 accedit,
1002 1098 1083 1175 qnod
1118 1098 1211 1158 multo
1277 1179 1281 1187 Ι

84 1201 224 1260 maiorem
263 1199 353 1260 babet
391 1199 629 1276 probabilitatem
671 1198 824 1259 librarium
859 1198 989 1278 aliquem
1023 1219 1127 1260 vobem
1161 1187 1212 1270 αῖς

82 1306 213 1362 mutasse
240 1302 270 1362 in
295 1288 355 1375 οἷς,
385 1321 473 1379 qnam
498 1289 548 1372 οίς
574 1303 604 1362 in
628 1288 688 1374 αίς,
718 1307 881 1378 propterea
908 1302 989 1378 quod
1016 1296 1129 1380 τέχναι
1155 1297 1211 1361 καὶ

82 1398 232 1484 ἐργασίαι
258 1407 288 1465 in
312 1405 503 1467 antecedenti
531 1424 590 1467 non
619 1409 890 1466 commemorantur
918 1406 1131 1484 enuntiatione,
1158 1406 1210 1466 sed

82 1508 121 1568 de
149 1499 236 1588 ἔργῳ
259 1508 374 1569 dicitnr.

170 1611 220 1673 Or.
237 1613 293 1671 VH
310 1616 380 1689 117,
397 1615 428 1673 9:
452 1602 502 1670 ἔτι
522 1605 557 1670 di
581 1603 618 1670 ἐν
634 1603 754 1671 οἰκιῶν
769 1597 910 1689 ὀροφαῖς
932 1605 989 1670 καί
1008 1605 1133 1689 τοίχοις
1154 1606 1211 1669 καὶ

81 1698 202 1788 ἐδάφει
223 1700 266 1772 τὰ
286 1707 347 1792 μὲν
366 1703 516 1794 χρώμασι
540 1759 546 1774 .
571 1760 578 1772 .
605 1758 609 1771 .
636 1760 641 1772 .
665 1704 707 1773 τὰ
731 1708 767 1773 δὲ
788 1699 902 1772 αὐτῶν
915 1709 1041 1792 τοίχων
1059 1710 1209 1790 γλυφαῖς.

170 1819 328 1894 Emporias
350 1817 475 1878 adnotat
493 1819 523 1877 iu
540 1817 643 1878 codice
660 1818 873 1878 MonacensiN
893 1820 1012 1877 exstare
1032 1818 1210 1894 scripturam
1300 1850 1304 1856 ν

81 1906 210 1994 αὐτῶν,
237 1920 267 1980 id
290 1919 371 1996 quod
394 1921 525 1996 Kayseri
552 1924 604 1981 aut
626 1920 758 1997 Emperii
781 1921 875 1996 ipsius
899 1921 992 1980 errori
1019 1919 1209 1980 tribuendum

80 2029 142 2094 est;
176 2043 243 2084 nam
271 2023 357 2084 sicuti
384 2024 415 2083 iu
443 2024 549 2122 ceteris
577 2023 729 2083 codicibus
757 2027 882 2101 excepto
909 2024 1150 2084 Meermauniano
1172 2025 1212 2117 M,

80 2129 124 2187 ita
150 2127 237 2186 etiam
261 2126 309 2186 hic
339 2126 464 2204 legimus
493 2123 535 2184 οὐ
562 2123 643 2184 τῶν.
690 2125 757 2199 Quo
785 2125 822 2186 de
850 2125 927 2202 loco,
955 2127 1006 2203 qui
1033 2145 1094 2187 non
1121 2127 1212 2202 plane

79 2229 214 2306 pertinet
244 2227 282 2288 ad
310 2231 393 2289 locos
425 2230 455 2289 in
482 2229 540 2289 bac
566 2232 653 2306 parte
685 2228 863 2300 afferendos,
895 2247 955 2289 uou
984 2228 1124 2306 dicerem,
1156 2230 1212 2289 nisi

80 2332 241 2393 doctorum
257 2332 388 2392 virorum
404 2332 573 2392 sententiae
593 2331 684 2409 plane
701 2330 915 2408 discreparent.
950 2331 1041 2408 Apud
1057 2329 1211 2391 Roiskinm

79 2436 163 2496 enim
190 2434 359 2495 invenimus
387 2420 430 2492 ud
453 2430 533 2507 τῶν,
564 2453 692 2512 eumque
720 2433 857 2512 sequitur
885 2431 1130 2510 Sobenkelius1),
1161 2434 1212 2510 qni

81 2539 162 2598 haec
193 2539 329 2615 exponit:
367 2521 428 2609 ,αὖ
458 2533 529 2596 τῶν
558 2538 611 2597 mit
637 2539 661 2597 P
691 2537 753 2598 und
784 2536 917 2598 anderen
952 2536 1000 2596 sllr
1029 2523 1145 2594 αὐτῶν
1175 2555 1212 2597 zu

82 2639 199 2700 lesen.“
245 2638 432 2717 Pflugkius2)
455 2645 559 2701 contra
585 2641 665 2701 hanc
687 2640 877 2718 amplectitur
900 2639 1090 2700 seutentiam:
1120 2640 1211 2708 „Mox

79 2763 96 2804 e
128 2744 308 2804 Moselliana
337 2746 477 2805 revocavi
507 2729 551 2802 τὰ
580 2736 616 2801 δὲ
643 2728 769 2816 αὐτῶν,
801 2762 868 2803 uam
896 2740 1035 2802 Reislrius
1059 2761 1075 2802 e
1098 2742 1213 2802 Veneta

79 2849 264 2922 susceperat
287 2832 330 2904 αὖ
345 2841 447 2922 τῶν“;
470 2854 562 2923 atquo
585 2847 672 2906 etiam
696 2844 777 2922 apud
796 2844 967 2922 Emporium
991 2849 1021 2904 et
1043 2843 1124 2921 apud
1140 2844 1212 2904 Diu·
1277 2843 1280 2854 '

79 2947 213 3010 dorfium
241 2949 385 3026 scriptum
408 2947 543 3008 videmus
570 2934 697 3006 αὐτῶν.
747 2950 793 3008 Ex
821 2966 886 3008 moa
913 2948 1069 3019 sententia,
1098 2947 1122 3006 si
1150 2965 1215 3006 vor·

79 3053 192 3111 borum
216 3069 384 3112 connexum
408 3056 586 3128 spectamus,
608 3055 675 3110 utra
695 3043 895 3128 praeferenda
916 3051 953 3109 sit
973 3051 1131 3125 scriptura,
1155 3048 1212 3108 dis·

80 3171 212 3214 cernere
241 3154 409 3232 nequimus,
440 3158 623 3231 quapropter
655 3154 718 3214 sola
749 3152 885 3234 codicum
914 3153 1080 3212 auctoritas
1112 3169 1214 3212 ansam

78 3257 221 3336 praebet,
247 3262 280 3317 ut
302 3275 527 3335 cognoscamus,
554 3275 632 3334 quae
660 3256 793 3334 genuina
815 3255 906 3316 luerit
932 3255 1090 3331 archetypi
1118 3255 1214 3314 lectio.

79 3361 161 3420 Eam
184 3363 283 3420 antem
306 3359 400 3420 fuisse
421 3345 463 3418 ad
488 3355 560 3418 τῶν
586 3358 656 3419 iude
679 3359 786 3435 elucet,
815 3358 895 3436 quod
919 3363 949 3418 et
972 3358 1108 3418 meliores
1132 3356 1212 3417 codi-

79 3481 136 3524 ces
158 3462 211 3523 Po
234 3466 264 3523 et
286 3462 468 3524 deteriorum
490 3463 633 3522 librorum
656 3479 753 3539 genus
776 3461 899 3521 eandem
923 3459 1064 3521 exhibent
1086 3461 1212 3536 scriptu·

77 3583 159 3626 ram.
202 3565 269 3625 Huc
298 3565 422 3642 accedit,
449 3564 530 3642 quod
552 3564 691 3626 facillime
719 3583 757 3625 ex
780 3542 823 3622 αὖ
845 3559 918 3622 τῶν
945 3563 1089 3624 exsistere
1115 3564 1213 3640 potuit

79 3652 212 3740 αὐτῶν,
236 3652 352 3726 αὐτῶν
374 3672 472 3728 autem
496 3667 525 3727 iu
547 3652 676 3726 cvi-voto
699 3669 843 3728 mutatum
859 3683 926 3727 esse
950 3665 1047 3725 minus
1070 3663 1215 3725 credibile

79 3767 244 3843 videtur.³)

174 3871 319 3934 Omnibus
352 3874 395 3934 eis
429 3890 505 3951 quos
538 3873 711 3934 enumeravi
743 3872 817 3933 locis
854 3890 920 3932 cum
955 3870 1089 3931 codicum
1122 3867 1213 3944 und

79 3976 258 4052 scripturae
292 3975 412 4036 eaedem
442 3976 501 4035 sint
535 3980 625 4052 atque
657 3975 794 4036 editionis
821 3975 963 4066 Venetae,
996 3974 1094 4051 plane,
1126 3973 1214 4032 sicuti

178 4139 199 4208 ¹)
217 4138 331 4193 Wiener
351 4137 481 4205 Studien,
502 4142 575 4204 1880,
594 4137 687 4191 vol.H
706 4153 732 4206 p.
748 4142 804 4191 149.

176 4227 200 4290 ⁹)
223 4222 349 4279 Scbcdae
367 4223 489 4293 criticae,
508 4222 616 4278 (ledani
631 4227 706 4293 1835,
723 4239 750 4292 p.
764 4226 804 4277 33.

175 4311 186 4343 8

176 4311 200 4460 *ί
221 4305 494 4463 giacffieikiiunta,
513 4397 600 4461 sexte,
619 4391 738 4462 septima
755 4391 783 4446 in
803 4389 933 4446 codiceO
953 4406 1009 4444 uon
1028 4395 1146 4446 exstant.
