3216 5044
421 403 462 459 30

412 568 462 628 ubi
485 569 613 628 Parisiui
634 570 659 628 B
682 568 826 628 lectiones
853 568 961 628 ceteris
983 568 1064 629 libris
1093 566 1307 646 praeferendos
1338 587 1405 629 esse
1436 570 1537 646 opina·
1587 627 1588 664 ρ

411 673 529 742 buntur,
555 671 723 730 intextum
747 689 798 730 eas
819 675 1009 749 receperunt.
1055 672 1140 745 Quae
1167 690 1232 731 cum
1256 673 1297 732 ita
1319 673 1387 743 sint,
1416 692 1477 733 non
1500 674 1539 732 iu·
1587 723 1588 730 ,

415 781 516 851 eptum
540 773 612 832 mihi
634 773 755 832 videtur
776 772 872 833 fusius
895 792 1055 851 exponere,
1083 774 1161 833 unde
1185 792 1288 834 omues
1310 793 1362 834 ese
1385 775 1498 834 codicis
1519 778 1539 834 B

412 873 591 951 scripturae,
618 893 695 951 qnae
723 874 841 952 quidem
871 875 967 935 bonae
989 895 1054 936 csse
1077 875 1227 951 videntur,
1255 876 1399 952 originem
1422 877 1540 937 ducent.

412 979 514 1054 Atque
536 977 663 1054 primum
687 977 807 1052 quidem
835 996 887 1037 eos
909 977 1058 1054 proferam
1081 979 1171 1050 locos,
1201 979 1251 1038 ubi
1279 979 1472 1039 coniecturae
1496 982 1540 1038 via

412 1101 449 1140 cx
465 1099 532 1140 mea
547 1079 667 1157 quidem
684 1082 834 1140 sententia
857 1082 954 1141 bonae
969 1082 1112 1142 lectiones
1135 1083 1164 1141 in
1181 1083 1392 1142 ParisiuumB
1415 1084 1540 1158 irrepse-

412 1195 493 1242 runt.
536 1185 570 1242 In
594 1185 689 1260 primo
711 1188 809 1243 autem
833 1183 921 1244 buius
938 1185 1032 1262 partis
1055 1186 1154 1262 capite
1176 1184 1213 1243 ad
1236 1203 1286 1244 eas
1309 1204 1363 1244 nos
1385 1171 1540 1246 eonverta-

414 1304 478 1346 mus
508 1286 673 1361 orationes,
704 1287 881 1362 quibuscum
911 1291 1033 1363 praeter
1063 1287 1221 1347 editionem
1246 1288 1391 1348 Venetam
1421 1289 1450 1346 hi
1482 1287 1541 1348 duo

412 1392 526 1448 tantum
549 1389 650 1447 collati
666 1394 736 1448 sunt
751 1389 881 1464 codices,
902 1391 1164 1450 Meermannianns
1179 1392 1209 1449 bi
1231 1397 1321 1467 atque
1336 1391 1492 1450 Parisinus
1510 1393 1541 1450 B.

497 1491 532 1549 lu
560 1491 618 1549 iilis
645 1491 829 1550 orationibus
859 1491 919 1550 dno
947 1491 990 1551 iili
1020 1492 1098 1551 docti
1121 1493 1177 1551 viri
1208 1511 1353 1570 persaepe
1382 1493 1496 1553 codicis
1521 1495 1542 1552 B

411 1595 576 1670 scripturas
603 1595 770 1653 intextum
794 1599 983 1670 receperunt,
1013 1596 1062 1655 ubi
1091 1595 1188 1655 bonne
1211 1597 1280 1656 iliae
1303 1597 1448 1656 lectiones
1478 1599 1542 1655 sine

413 1699 474 1757 ulia
496 1697 682 1757 dubitatione
706 1717 765 1756 nou
789 1698 936 1773 genuinae
958 1698 1115 1775 archetypi
1138 1702 1209 1760 suut
1231 1699 1409 1776 scripturae,
1430 1700 1484 1759 sed
1510 1701 1543 1758 li-

411 1800 501 1860 brarii
525 1800 652 1859 alieuius
682 1801 882 1870 coniecturae.
926 1802 1003 1860 Nam
1031 1800 1169 1861 omnibus
1191 1802 1235 1860 eis
1257 1802 1339 1873 loeis
1369 1803 1420 1861 ubi
1444 1802 1544 1862 codex

412 1901 675 1960 Meermanniauus
692 1903 729 1972 M,
753 1902 805 1978 qni
827 1902 940 1962 meliori
956 1902 1099 1962 librorum
1116 1903 1220 1978 generi
1244 1903 1464 1962 adscribendus
1488 1911 1543 1980 est,

412 2002 531 2062 eusdem
554 2002 679 2079 praebet
693 2003 839 2063 lectiones
860 2010 952 2080 utque
973 2004 1064 2064 editi0
1081 2006 1204 2075 Veneta,
1228 2024 1303 2082 quae
1326 2024 1393 2064 cnm
1411 2005 1541 2064 deteris·
1587 2063 1588 2070 ,

412 2104 494 2163 ribus
517 2105 671 2180 conspirat
693 2104 852 2175 codicibus,
875 2106 966 2182 plane
987 2111 1115 2183 apparet
1136 2107 1231 2165 solum
1246 2107 1416 2166 Parisinum
1432 2108 1460 2166 B
1485 2127 1543 2167 uon

413 2224 500 2283 posse
524 2208 680 2284 archetypi
704 2225 842 2266 servasse
856 2208 1008 2283 lectiones,
1031 2209 1087 2267 uisi
1110 2207 1188 2268 sorte
1212 2208 1441 2286 discrepantiae,
1467 2229 1545 2287 quae
1587 2281 1588 2288 ρ

412 2314 534 2369 exstant
560 2309 639 2370 iuter
661 2310 742 2370 hune
765 2311 873 2369 librum
901 2315 992 2386 atque
1015 2312 1094 2370 inter
1116 2311 1248 2370 codicem
1271 2313 1301 2370 M
1327 2316 1359 2370 et
1380 2313 1546 2372 editionem

414 2415 570 2491 Venetam,
598 2419 658 2474 tam
681 2415 763 2473 leves
785 2419 864 2489 sunt,
892 2419 926 2473 ut
951 2432 1022 2472 caan
1046 2413 1176 2491 quodam
1203 2420 1234 2474 ct
1256 2415 1496 2474 Meermanniani
1517 2416 1546 2474 M

413 2521 446 2576 et
471 2517 610 2576 editionis
630 2516 763 2576 Venetae
790 2517 904 2575 librarii
936 2516 1039 2575 eadem
1064 2515 1173 2576 menda
1200 2517 1230 2576 iu
1261 2521 1375 2576 textum
1406 2518 1547 2594 recipere

413 2621 578 2696 potuerint.

496 2723 553 2780 His
573 2725 673 2780 autem
696 2739 773 2798 qnos
787 2741 868 2781 nunc
884 2721 1066 2788 enumerabo
1085 2722 1158 2780 loeis
1180 2722 1349 2780 ParisiniB
1370 2722 1548 2798 scripturae

410 2829 569 2900 tantopere
596 2843 615 2883 a
638 2825 883 2884 Meermanniauo
904 2825 934 2882 Μ
963 2829 1053 2899 atque
1081 2824 1119 2882 ab
1142 2823 1272 2883 editione
1294 2825 1410 2884 Veneta
1432 2825 1550 2885 disere

411 2933 494 3005 pant,
517 2932 551 2986 ut
573 2946 644 2988 casu
668 2928 798 3004 quodam
821 2929 991 2987 consentire
1014 2928 1070 2986 bos
1092 2927 1168 2986 dnos
1190 2928 1281 2986 libros
1308 2946 1368 2986 non
1397 2929 1438 2986 sit
1467 2929 1549 2989 arbi-

411 3030 562 3089 trandum.

496 3131 547 3191 Or.
566 3133 719 3192 XXXVIII
744 3137 791 3207 13,
806 3136 839 3190 4:
862 3125 899 3189 ἐν
921 3126 1012 3209 ποίῳ
1034 3121 1074 3209 δὴ
1096 3126 1185 3208 μέρει
1208 3121 1252 3189 τὰ
1272 3128 1418 3190 τοιαῦτα
1444 3151 1550 3192 κατα·

410 3225 577 3293 τάττεται.
621 3236 708 3294 Hanc
729 3236 919 3312 scripturum,
945 3253 1022 3312 quae
1045 3237 1075 3294 in
1098 3234 1201 3293 codice
1224 3235 1360 3294 Parisino
1382 3237 1406 3294 B
1436 3243 1554 3308 exstat,

399 3353 402 3357 ·
409 3337 616 3414 probaverunt
639 3338 796 3414 Emperius
819 3342 911 3412 atque
933 3336 1117 3396 Diodorfina.
1160 3338 1195 3395 In
1215 3337 1346 3396 editione
1367 3341 1474 3398 autem
1491 3341 1551 3398 Ve-

412 3445 482 3499 neta
503 3459 558 3516 pro
582 3432 619 3496 ἐν
637 3434 729 3517 ποίῳ
751 3424 791 3516 δὴ
813 3433 905 3517 μέρει
928 3441 1017 3498 inest:
1039 3431 1076 3496 ἐν
1094 3433 1187 3516 ποίῳ
1208 3433 1300 3516 μέρει
1322 3428 1371 3514 δή,
1394 3444 1497 3518 atque
1524 3445 1553 3502 in

410 3541 655 3600 Meermauuiano
678 3543 708 3600 M
740 3541 815 3600 haec
842 3540 978 3600 videmus
1009 3542 1134 3618 scripta:
1168 3533 1205 3598 ἐν
1234 3535 1325 3618 ποίῳ
1356 3534 1454 3617 μέρει
1486 3538 1550 3602 δεῖ.

410 3645 445 3702 In
469 3661 529 3718 quo
552 3643 655 3702 codice
684 3662 862 3719 quamquam
887 3644 977 3720 plano
1000 3647 1126 3719 apparet
1153 3643 1266 3702 librarii
1289 3661 1392 3702 errore
1422 3664 1484 3721 pro
1514 3637 1555 3724 δή

410 3747 553 3822 scriptum
582 3763 648 3804 esse
678 3739 737 3816 det,
765 3746 823 3804 hoc
849 3752 948 3804 tamen
976 3745 1050 3804 satis
1072 3750 1191 3804 constat
1215 3745 1375 3804 verborum
1403 3747 1555 3808 ordinem

408 3847 439 3905 iu
467 3846 588 3906 meliore
616 3846 670 3906 illo
698 3845 802 3905 codiee
832 3846 960 3906 cundem
982 3864 1050 3905 esse
1079 3850 1170 3921 atque
1201 3848 1230 3904 in
1259 3845 1391 3905 editione
1416 3848 1557 3909 Veners

409 3950 455 4007 Ex
478 3966 538 4024 qno
565 3948 606 4018 fit,
636 3952 670 4007 nt
692 3947 821 4006 Parisiui
840 3950 865 4007 B
887 3949 975 4007 lectio
1002 3939 1040 4004 ἐν
1060 3941 1151 4024 ποίῳ
1178 3937 1219 4024 dr)
1241 3941 1333 4024 μέρει
1361 3950 1556 4013 coniectura

410 4051 543 4128 putanda
565 4050 613 4125 ait,
642 4069 729 4126 quae,
761 4051 816 4108 nisi
845 4050 985 4109 editionis
1005 4049 1139 4109 Venetae
1162 4050 1249 4109 lectio
1276 4042 1312 4108 ἓν
1334 4043 1429 4128 ποίῳ
1455 4049 1556 4133 μέρει

410 4143 451 4231 δή
475 4153 618 4213 abhorret
643 4171 662 4210 a
682 4153 809 4229 legibus,
839 4172 918 4229 qnae
941 4158 1012 4212 sunt
1038 4152 1075 4211 de
1098 4152 1203 4212 ordine
1224 4153 1394 4224 verborum,
1426 4155 1461 4214 iu
1489 4163 1562 4218 tex-

409 4259 473 4314 tum
503 4256 597 4332 recipi
623 4274 683 4314 non
706 4259 815 4332 potest.
858 4256 904 4314 Ex
928 4274 993 4314 mea
1016 4259 1115 4314 autem
1138 4256 1289 4314 sententia
1316 4273 1376 4314 non
1399 4263 1463 4332 est,
1502 4281 1562 4321 cur

409 4358 490 4417 illius
505 4357 644 4416 editionis
658 4358 838 4434 scripturam
862 4358 1031 4430 reicismus3
1053 4375 1097 4416 or.
1112 4358 1190 4416 enim
1206 4357 1275 4416 XXI
1293 4362 1321 4428 1,
1338 4361 1378 4418 10
1399 4358 1563 4439 legimus
