3216 5044
413 421 454 481 86

412 591 466 650 tini
483 591 510 649 D
534 590 669 650 librarios
684 592 840 651 artienlnm
858 592 991 652 omisisse
1013 595 1104 668 atque
1123 593 1230 654 librum
1246 596 1274 654 D
1296 597 1442 657 artissime
1463 616 1520 657 oum

413 692 557 753 Vatieano
574 693 599 752 X
623 697 653 752 et
668 711 734 752 eum
751 695 923 755 Monacensi
939 695 967 755 N
991 695 1180 755 eoniunotnm
1198 715 1272 758 esse.
1316 699 1429 759 llodem
1445 699 1521 759 modo

413 813 461 854 res
476 813 507 855 se
522 795 632 856 babere
649 796 719 854 mihi
734 796 860 873 videtur,
881 799 905 856 si
920 797 959 856 ad
976 797 1106 858 oodieem
1124 800 1336 860 VatieanumF
1352 806 1520 877 spectamus.

497 898 633 959 Transeo
657 917 737 959 nune
759 900 796 958 ad
812 900 1018 962 Florentinum
1035 903 1070 976 D,
1094 902 1178 961 euius
1194 901 1312 976 auxilio,
1335 904 1408 981 quid
1431 904 1466 964 de
1481 924 1520 964 οο-

413 1000 529 1061 dioibus
552 1002 725 1063 Florentino
747 1003 772 1061 lu
795 1009 824 1062 et
847 1002 989 1063 Urbinate
1011 1003 1038 1064 U
1061 1002 1252 1065 iudicandum
1277 1007 1323 1083 sit,
1351 1023 1522 1084 eognoseero

412 1101 599 1178 studeamus3
624 1107 686 1164 tres
709 1105 785 1163 enim
810 1105 853 1163 illi
876 1104 941 1164 libri
964 1123 1030 1164 eum
1055 1107 1188 1167 oratione
1211 1106 1452 1168 duodevicesima
1472 1108 1522 1168 eol·

412 1205 464 1265 lati
480 1210 557 1266 sunt.
602 1207 704 1284 Atque
727 1206 820 1266 oodex
838 1208 998 1284 quidemll
1021 1208 1113 1268 multo
1129 1209 1266 1286 pluribus
1289 1229 1379 1287 quam
1395 1210 1522 1272 eodexD

412 1293 524 1368 librarii
548 1309 737 1386 neglegentia
764 1308 948 1387 depravatus
972 1314 1020 1370 'est
1047 1309 1174 1389 mendis;
1201 1313 1309 1372 eatenis
1335 1318 1433 1373 autem
1460 1313 1523 1374 loeis

413 1412 565 1487 oonspirat
595 1430 662 1474 eum
693 1430 737 1471 eo.
789 1411 876 1486 Quod
906 1416 1004 1472 antem
1035 1413 1073 1471 ad
1103 1413 1276 1474 Urbinatem
1299 1417 1325 1475 U
1356 1417 1470 1493 attinet,
1498 1417 1522 1474 in

413 1514 582 1573 memoriam
616 1531 752 1589 revoces,
786 1533 914 1592 quaeso,
946 1513 1100 1591 Sonnyum
1135 1516 1215 1576 buno
1248 1518 1379 1578 eodioem
1412 1522 1522 1595 putasse

412 1616 607 1693 arohetypum
637 1614 817 1676 deteriorum
842 1617 994 1695 librorum,
1023 1636 1111 1694 quam
1135 1620 1313 1678 sententiam
1341 1639 1401 1680 non
1423 1625 1523 1680 reetam

412 1717 477 1779 esse
508 1737 600 1796 supra
630 1719 838 1781 demonstravi.
882 1722 939 1780 Hie
973 1725 1071 1782 entem
1104 1740 1168 1781 eam
1201 1709 1311 1782 addere
1343 1725 1413 1783 milri
1444 1725 1524 1782 lieeat

411 1840 473 1881 rem
506 1823 592 1880 etiam
623 1823 796 1901 scripturas,
823 1841 900 1899 quae
922 1825 1024 1883 insunt
1049 1824 1079 1882 in
1103 1824 1249 1884 Urbinate
1269 1827 1304 1900 U,
1332 1825 1443 1902 Sonnyi
1466 1844 1524 1885 sen·

411 1925 523 1984 tentiae
551 1925 641 2000 plane
670 1943 848 2002 repugnare.
897 1925 1040 1986 Permulti
1068 1927 1144 1986 enim
1173 1931 1293 1987 exstant
1321 1928 1386 2006 loei,
1413 1929 1461 1988 ubi
1482 1946 1524 1986 eo-

412 2027 517 2087 dexU
546 2031 703 2103 corruptas
731 2028 851 2088 exhibet
875 2029 1029 2106 lectiones,
1057 2034 1222 2089 ceterorum
1250 2033 1350 2090 autem
1369 2029 1525 2091 'deterioris

411 2130 529 2206 generis
546 2130 687 2189 librorum
703 2132 869 2208 scripturae
889 2131 993 2192 eodem
1010 2131 1098 2192 modo
1119 2135 1211 2208 atque
1228 2133 1380 2193 meliorum
1396 2134 1523 2194 eodioum

411 2229 584 2309 probandae
599 2237 679 2311 sunt,
694 2232 776 2310 qnod
793 2238 825 2292 ut
841 2232 1052 2310 demonstrem,
1067 2253 1110 2294 or.
1125 2234 1226 2294 XVlll
1243 2239 1291 2312 21,
1303 2239 1385 2296 4-7
1402 2237 1525 2311 afferam,

326 2319 328 2324 ¹
412 2335 461 2394 ubi
484 2337 513 2395 in
537 2335 683 2397 eodier
706 2337 883 2397 omittuntur
906 2337 1011 2396 verba:
1040 2331 1096 2394 καὶ
1118 2323 1164 2408 ὡς
1185 2343 1257 2406 τοῖς
1280 2365 1319 2378 —-
1339 2327 1525 2416 πράττοντα

411 2430 487 2496 ἲδοι.
539 2438 701 2499 Praeterea
735 2437 914 2516 depravatas
948 2440 1012 2498 eius
1047 2439 1113 2498 libri
1147 2440 1328 2500 enumerabo
1361 2441 1525 2518 seripturas,

409 2558 487 2616 qnae
517 2539 636 2617 quidem
658 2541 699 2608 ,in
730 2541 920 2618 paragrapho
952 2542 1048 2618 prima
1082 2559 1177 2618 nsque
1207 2541 1246 2600 ad
1275 2551 1410 2602 octavam
1444 2543 1524 2601 buius

409 2641 552 2702 orationis
575 2646 706 2703 exstant:
741 2648 768 2718 3,
786 2647 818 2704 7:
845 2645 871 2704 U
894 2640 1001 2702 ταῦτα
1024 2629 1245 2722 συνεώρακας,
1273 2645 1325 2704 rel
1347 2641 1452 2704 ταῦτα
1474 2637 1524 2702 καὶ

408 2735 634 2823 ουνεώρακας;
665 2750 693 2817 4,
714 2749 745 2807 l:
777 2748 804 2806 U
831 2732 928 2824 ἀνδρὶ
957 2738 1012 2804 ἐπὶ
1041 2744 1202 2805 πλεῖστον
1231 2741 1383 2819 παιδείας
1411 2736 1525 2826 ἥκοντι

408 2842 474 2918 καὶ,
497 2848 549 2908 rel.
573 2833 670 2926 ἀνδρὶ
692 2843 748 2906 καὶ
770 2842 923 2917 παιδείας
945 2839 1000 2906 ἐπὶ
1020 2847 1177 2907 πλεῖστον
1199 2832 1318 2927 ἥκοντι
1342 2843 1411 2927 καί,
1433 2854 1522 2927 4,10:

409 2952 436 3011 U
459 2968 515 3010 om.
536 2935 578 3030 ἢν
600 2933 663 3008 οὐκ
680 2941 795 3027 ἔτυχεν
819 2939 927 3026 εἰδώς,
951 2955 978 3022 5,
996 2955 1027 3010 2:
1050 2952 1077 3011 U
1100 2941 1213 3028 ἵναμὴ
1229 2941 1340 3010 πολλὰ
1360 2944 1447 3030 λέγω
1461 2942 1522 3029 πρὸ

406 3048 472 3110 τοῦ
494 3042 698 3130 πράγματος,
726 3053 777 3113 rel.
800 3071 856 3112 om.
878 3045 978 3130 λέγον
1009 3056 1108 3129 6,10:
1134 3055 1157 3114 U
1179 3043 1309 3128 πόνων,
1331 3055 1383 3114 rel
1405 3045 1525 3146 advov3

408 3159 505 3231 6,10:
528 3157 556 3217 U
579 3173 635 3215 om.
659 3139 712 3234 δή,
735 3159 832 3231 6,11;
857 3157 882 3216 U
906 3173 961 3215 om.
985 3148 1032 3226 uu
1060 3161 1088 3232 6,
1106 3159 1157 3216 12:
1180 3158 1208 3217 U
1231 3149 1287 3214 καὶ
1308 3147 1455 3232 τούτοις,
1473 3158 1522 3219 rel.

406 3251 463 3316 καὶ
479 3253 617 3329 τοῦτονς
642 3263 668 3332 7,
685 3262 716 3319 2:
739 3259 766 3318 U
788 3251 966 3336 κωμῳδίας
980 3251 1178 3334 μένανδρον,
1202 3259 1253 3318 rel.
1274 3254 1455 3338 κωμῳδίας
1467 3246 1525 3336 τήν

407 3349 622 3438 Μενάνδρου,
646 3365 674 3438 7,
690 3365 721 3421 5:
745 3361 772 3420 U
794 3353 845 3439 el'q
863 3353 982 3437 λέγειν,
1005 3349 1310 3440 ι·61.εἲητδλέγειν.
1356 3363 1412 3424 llle
1436 3361 1523 3424 eodex

407 3463 431 3522 si
455 3480 488 3522 re
504 3481 575 3522 vera
598 3463 781 3540 archetypus
806 3467 885 3523 esset
907 3461 1085 3522 deteriorum
1103 3462 1248 3536 oodioum,
1271 3464 1436 3542 putandum
1453 3469 1524 3526 esset

409 3583 445 3624 ex
462 3563 563 3624 oodiee
578 3565 724 3625 Urbinate
742 3567 767 3626 U
791 3565 956 3625 derivatum
978 3583 1043 3624 esse
1067 3564 1200 3625 eodioem
1224 3595 1265 3605 -
1287 3585 1375 3640 quem
1397 3567 1523 3628 litterar

409 3667 577 3744 significare
594 3669 683 3728 lineat
705 3699 755 3746 -,
778 3669 829 3745 qui
852 3667 890 3728 ad
907 3669 1038 3728 melioris
1053 3669 1172 3745 generis
1192 3669 1320 3746 aliquem
1335 3670 1442 3730 librum
1465 3689 1522 3730 eor·

410 3773 511 3828 neotus
534 3773 627 3847 esset3
650 3769 758 3830 deinde
780 3776 878 3830 autem
903 3790 938 3830 ex
963 3769 1064 3830 oodiee
1080 3787 1100 3828 τ
1122 3771 1243 3830 fluxisse
1266 3771 1430 3833 deteriores
1452 3771 1522 3832 eodi-

410 3890 468 3950 oes,
492 3873 542 3949 qui
565 3891 645 3933 nune
667 3878 786 3950 praesto
810 3874 895 3933 nobis
919 3877 997 3933 sunt.
1041 3874 1119 3933 Huio
1141 3878 1240 3934 autem
1264 3877 1430 3936 sententiae
1453 3894 1521 3936 eom·

409 3974 511 4049 plures
533 3981 704 4052 repugnant
727 3976 794 4053 loei,
820 3994 896 4052 qnos
923 3977 953 4035 in
977 3976 1161 4037 orationibus
1185 3978 1250 4052 XII,
1273 3977 1380 4055 XVlll,
1402 3977 1521 4038 XXXlll

408 4077 518 4137 inveni.
562 4077 677 4152 Quibus
701 4078 773 4139 loeis
801 4097 868 4137 eum
896 4079 926 4138 in
950 4077 1094 4138 Urbinate
1117 4080 1142 4138 U
1170 4079 1291 4139 eaedem
1320 4084 1439 4141 exstent
1464 4097 1520 4140 eor·

409 4179 546 4255 ruptelae
573 4184 663 4256 atque
686 4181 716 4239 in
740 4181 782 4241 eis
805 4180 897 4256 libris,
927 4180 978 4256 qui
1002 4199 1038 4241 ex
1062 4179 1163 4241 eodloe
1184 4181 1219 4258 θ,
1242 4185 1274 4241 ut
1296 4185 1439 4260 exposui,
1453 4182 1520 4242 deri·

409 4282 470 4340 vati
497 4285 576 4358 sunt,
603 4282 741 4344 editionis
767 4285 896 4343 Venetae
926 4289 1016 4360 atque
1044 4285 1195 4344 meliorum
1224 4284 1358 4356 eodieum
1387 4286 1520 4345 leotiones

408 4383 581 4465 probandae
602 4390 683 4448 sunt.
727 4387 802 4450 Dieo
825 4385 881 4450 boe
904 4386 999 4451 looos:
1033 4405 1073 4448 or.
1094 4387 1149 4448 ΧΗ
1167 4391 1217 4462 46,
1233 4391 1265 4450 2:
1293 4387 1353 4451 UA
1377 4407 1432 4450 om.
1453 4379 1520 4464 φαί-
