3216 5044
367 393 408 449 20

365 559 545 619 Parisinch
568 575 613 634 γε,
638 558 733 617 codex
757 561 856 617 autem
881 559 902 615 B
927 557 1031 617 horum
1054 556 1182 616 duorum
1203 555 1338 615 codicum
1362 557 1489 633 scriptu·

364 678 415 721 ras
443 661 652 740 complectitur
679 660 823 720 exhibens
850 676 886 737 γε
910 648 959 737 δή.
1008 658 1089 718 ldem
1120 658 1230 718 factum
1258 661 1304 718 est
1329 678 1371 718 or.
1391 659 1489 718 XXXI

367 768 437 840 1,1‚
464 763 513 822 ubi
537 761 567 821 in
590 762 692 823 codice
713 763 743 820 M
770 762 913 836 scriptum
936 760 1072 821 videmus
1095 751 1195 833 ἐστιν,
1224 762 1253 821 in
1278 762 1379 822 codice
1404 763 1489 822 Urbi·

364 866 475 925 nateU
499 849 537 936 oi,
559 863 589 923 in
614 863 716 924 codice
739 867 836 923 autem
860 865 884 922 B
906 855 1005 935 ἐστιν,
1029 843 1093 934 nist)

449 968 507 1028 Sed
534 969 708 1045 priusquam
736 967 906 1027 accuratius
930 966 1101 1027 demonstro
1129 965 1261 1027 codicem
1285 971 1325 1029 Bl
1347 987 1414 1028 cum
1438 968 1488 1028 de-

362 1071 522 1130 terioribus
545 1069 715 1130 cohaesisse
738 1069 900 1144 codicibus,
926 1073 1030 1144 postea
1058 1073 1156 1128 autem
1185 1069 1223 1128 ad
1247 1070 1352 1129 librum
1376 1071 1395 1145 ξ
1424 1090 1487 1130 cor-

362 1178 476 1234 rectum
501 1191 574 1250 esse,
598 1173 634 1233 de
658 1173 723 1232 aliis
746 1172 924 1249 quibusdam
948 1171 1107 1231 dicendum
1131 1171 1200 1231 mihi
1224 1177 1269 1232 est
1291 1174 1388 1233 rebus.

447 1277 572 1336 Praeter
603 1279 746 1352 quattuor
776 1274 813 1334 de
841 1275 949 1351 quibus
980 1273 1041 1334 dixi
1072 1275 1163 1346 locos,
1195 1276 1246 1334 nbi
1273 1276 1427 1336 Parisinus
1454 1278 1487 1348 B,

362 1398 542 1457 quamquam
564 1377 842 1438 aMeermanniano
860 1378 889 1435 M
910 1376 1067 1454 discrepat,
1091 1396 1157 1436 cum
1174 1376 1370 1438 deterioribus
1386 1383 1487 1438 tamen

362 1501 421 1541 non
438 1482 586 1541 consentit
601 1479 759 1550 codicibus,
782 1472 898 1538 centum
920 1479 1138 1556 quinquaginta
1152 1483 1266 1555 septem
1289 1481 1316 1539 in
1335 1481 1386 1556 eis,
1409 1499 1487 1557 quas

362 1587 458 1663 attuli,
480 1585 664 1646 orationibus
686 1587 805 1644 exstant
826 1584 894 1661 loci,
917 1584 966 1643 ubi
990 1584 1185 1643 ParisinusB
1208 1584 1345 1661 proprias
1365 1585 1488 1645 exhibet

362 1691 535 1766 scripturas,
555 1689 677 1764 quaein
694 1688 774 1746 nullo
792 1687 849 1747 alio
869 1686 1067 1746 inveniuntur
1081 1686 1166 1746 libro.
1196 1686 1312 1760 Quibus
1328 1689 1401 1748 locis
1418 1707 1486 1748 cum

361 1794 429 1854 libri
452 1795 476 1853 B
498 1792 644 1851 lectiones
671 1810 741 1867 uon,
763 1791 850 1849 sicuti
873 1807 972 1868 supra,
995 1789 1063 1850 inde
1087 1791 1231 1865 originem
1254 1791 1375 1866 ducant,
1404 1793 1487 1869 qnod

361 1896 456 1956 codex
473 1897 512 1954 Ba
532 1894 570 1954 ad
590 1893 757 1967 codicem§
782 1888 934 1952 correctus
958 1896 1012 1968 est,
1035 1891 1142 1950 dixerit
1165 1893 1272 1969 aliquis
1295 1894 1427 1954 codicem
1444 1897 1489 1954 Ba

360 1999 490 2076 propriis
521 1998 606 2073 quasi
636 1996 741 2054 rivulis
772 2014 809 2054 ex
840 1996 946 2054 Diouis
977 1995 1143 2072 archetypo
1175 2014 1342 2073 emanasse,
1376 1997 1488 2060 deinde

361 2106 459 2161 antem
484 2099 573 2176 etad
596 2099 760 2159 deteriores
783 2097 902 2158 codices
930 2097 1019 2156 etad
1042 2097 1150 2156 librum
1174 2097 1192 2171 ξ
1220 2105 1387 2159 correctum
1411 2119 1487 2162 esse.

360 2206 444 2264 Hanc
460 2221 566 2262 vanam
591 2221 655 2262 esse
678 2203 855 2261 sententiam
879 2205 912 2260 ut
932 2199 1142 2275 demonstrem,
1165 2201 1259 2261 tribus
1276 2203 1373 2262 verbis
1397 2206 1487 2264 etiam

360 2307 397 2365 de
421 2307 463 2366 eis
487 2305 582 2364 dicam
606 2305 689 2364 locis.
735 2306 779 2362 ldx
800 2323 964 2380 permagno
984 2303 1100 2363 illorum
1122 2322 1246 2364 numero
1270 2309 1388 2364 centum
1413 2327 1487 2384 qua-

359 2410 501 2485 draginta
516 2426 594 2466 unus
613 2407 689 2467 tales
704 2411 783 2482 suut,
803 2410 836 2465 nt
851 2407 1027 2482 scripturae,
1047 2424 1124 2482 qnae
1139 2407 1241 2466 insunt
1256 2406 1284 2467 in
1302 2409 1439 2469 Parisino
1452 2413 1487 2482 B,

358 2513 498 2572 laborent
520 2510 793 2587 depravationibus.
836 2510 965 2584 Propter
987 2509 1042 2569 has
1065 2508 1208 2569 lectiones
1238 2529 1324 2570 nemo
1348 2511 1487 2588 profecto

358 2613 530 2692 opinabitur
552 2612 684 2671 codicem
700 2613 738 2670 Ba
760 2631 796 2671 ex
811 2613 877 2688 ipso
893 2611 1058 2689 archetypo
1082 2612 1221 2671 haustum
1238 2630 1311 2672 csse.
1357 2615 1488 2675 Restant

359 2719 449 2794 igitur
472 2715 643 2793 quindecim
667 2716 732 2786 loci,
762 2716 813 2776 ubi
835 2716 963 2775 Parisini
984 2718 1007 2775 B
1031 2717 1198 2792 scripturae
1220 2717 1394 2794 probandae
1418 2739 1487 2781 csse

357 2820 512 2888 videntum
536 2818 565 2877 hi
588 2822 671 2878 sunt:
706 2819 748 2877 lll
767 2823 794 2893 1,
810 2821 841 2878 8:
864 2819 888 2876 B
911 2801 1028 2890 αῧτοῦ,
1052 2819 1105 2878 rel.
1128 2803 1247 2895 oritor53
1278 2821 1320 2879 ΠΙ
1337 2825 1387 2898 24,
1403 2827 1434 2882 2:
1460 2827 1486 2883 B

444 2986 465 3053 ¹)
490 2983 527 3035 Et
539 2981 687 3048 Emperius
706 2987 734 3034 et
748 2980 912 3035 Dindorlins
931 2980 1007 3050 qnod
1028 2982 1220 3049 probaverunt
1237 2983 1378 3037 codicisB
1396 2986 1487 3055 scrip-

358 3073 447 3121 turam
468 3061 547 3129 εἰκός
564 3060 618 3132 μέν
638 3059 725 3133 ἐστιν,
748 3055 771 3118 ὦ
791 3058 891 3135 ἄνδρες
905 3057 1016 3131 Ῥόδιοι,
1042 3081 1099 3118 non
1117 3072 1191 3120 recte
1209 3066 1339 3120 videntur
1357 3068 1422 3123 milri
1444 3069 1487 3125 fe-

282 3215 284 3218 ·
357 3155 436 3207 cisse.
477 3152 545 3205 Mam
570 3151 594 3206 si
618 3146 714 3206 codice
736 3153 758 3204 B
783 3152 906 3218 genuina
930 3151 1076 3224 archetypi
1101 3152 1241 3220 scriptura
1268 3160 1378 3208 servata
1400 3155 1486 3211 nobis

356 3243 440 3304 esset,
462 3236 603 3291 librarium
622 3235 727 3290 codicis
746 3255 764 3305 γ
782 3236 1005 3291 interiectionem
1026 3227 1058 3301 ὦ,
1083 3236 1187 3291 codicis
1207 3243 1298 3292 autem
1318 3243 1334 3293 δ
1355 3241 1484 3308 copulam

358 3317 436 3377 ἐστιν
454 3321 582 3375 omisisse
605 3320 759 3389 putandum
784 3327 871 3390 esset,
898 3321 974 3389 qnod
998 3337 1059 3374 cunr
1081 3337 1135 3375 non
1155 3321 1272 3375 multum
1291 3321 1392 3379 habere
1416 3326 1486 3380 mihi

355 3408 487 3462 videatur
505 3407 721 3476 probabilitatis,
743 3406 960 3461 Meermanniani
976 3409 1003 3462 M
1027 3407 1191 3475 scripturum
1215 3403 1295 3472 εἰκὸς
1316 3404 1371 3476 μὲν
1394 3405 1484 3479 ἐστιν,

357 3485 459 3563 ἄνδρες
476 3483 587 3556 Ῥόδιοι,
611 3492 640 3544 in
664 3496 770 3546 textum
794 3491 983 3561 recipiendam
1008 3506 1070 3546 esse
1097 3491 1198 3546 iudico.
1234 3492 1386 3549 Roclxelius
1410 3496 1483 3550 enim

355 3578 410 3647 (De
429 3577 605 3632 allocutionis
624 3592 686 3642 usu,
704 3577 796 3646 qualis
816 3577 854 3630 rit
870 3577 947 3645 apud
959 3575 1163 3647 Thucydidem,
1181 3576 1404 3647 Xenophontem,
1423 3597 1486 3636 ora·

355 3668 431 3717 tores
443 3659 564 3729 Atticos,
577 3661 703 3728 Dionem,
716 3661 879 3716 Aristidem.
899 3660 1072 3730 Regismont.
1084 3656 1162 3730 1884)
1178 3661 1380 3718 demonstravit
1396 3666 1485 3720 inter·

354 3747 500 3802 iectionem
519 3735 541 3800 ὦ
561 3745 652 3800 omitti
670 3762 763 3815 posse,
782 3746 878 3801 dicens
897 3763 923 3814 p.
937 3751 983 3800 52:
1003 3746 1093 3808 „Usus
1106 3753 1197 3801 autem
1210 3745 1412 3803 interiectionis
1424 3742 1486 3818 (ὦ),

356 3847 439 3902 qnam
456 3831 567 3901 quidem
587 3830 701 3886 dimidia
714 3846 779 3900 pars
791 3831 971 3887 allocutionis
989 3847 1045 3885 non
1062 3831 1187 3901 praebet,
1204 3848 1266 3886 cum
1285 3833 1485 3891 historicorum

355 3931 510 3986 congruere
522 3915 643 3984 videtur,
659 3917 706 3985 qui
719 3916 825 3984 pariter
837 3923 866 3971 et
877 3917 980 3971 omissa
991 3916 1184 3971 interiectione
1197 3922 1227 3970 et
1238 3919 1332 3986 posita
1343 3921 1445 3974 vocula
1460 3914 1486 3976 ὦ

355 4001 525 4071 compellant
548 3999 719 4056 audientes.“
757 4001 837 4056 Unde
860 4008 952 4056 autem
977 4002 1006 4055 in
1028 4001 1152 4056 codicem
1171 4004 1187 4055 d
1205 3995 1302 4056 voxn‘i
1327 4006 1486 4073 proverbe

355 4081 434 4142 ἐστιν
456 4087 608 4155 irrepserit,
630 4085 713 4141 facile
738 4102 905 4155 cognosces,
929 4087 952 4142 si
975 4087 1003 4140 in
1027 4087 1186 4142 memoriam
1210 4088 1328 4143 reduces
1352 4091 1485 4159 copulam

356 4167 434 4228 ἐστίν
451 4173 481 4225 in
499 4171 577 4226 libris
596 4172 794 4240 manuscriptis
813 4170 865 4226 hoc
881 4172 1036 4241 significari
1055 4173 1147 4240 siguo:
1165 4167 1225 4241 NJ,
1249 4173 1366 4229 litteram
1387 4180 1484 4230 autem

354 4247 377 4311 ni
397 4257 437 4311 sic
450 4256 547 4311 scribi:
566 4276 607 4326 003
625 4256 707 4311 facile
725 4257 811 4324 igitur
829 4257 1009 4326 neglegentia
1022 4255 1139 4326 quadam
1159 4258 1227 4314 haec
1241 4259 1297 4313 duo
1310 4261 1392 4327 signa
1408 4276 1483 4315 com·

354 4339 454 4394 mutari
472 4345 631 4410 potuerunt.
