3216 5044
396 405 437 470 34

395 583 476 642 dicat
491 583 559 658 quis
571 581 698 642 Parisini
714 581 737 642 B
754 581 917 659 scripturas
933 578 1076 658 originem
1093 599 1152 640 non
1169 577 1280 640 ducere
1293 599 1329 640 ex
1342 576 1450 640 librarii
1461 577 1507 640 ali·

394 686 480 744 cuius
503 685 693 758 coniecturis,
723 682 777 744 sed
799 684 947 760 genuinas
969 701 1034 742 esse
1056 683 1213 760 archetypi
1237 683 1389 758 lectiones,
1423 684 1507 742 licer-

394 788 544 848 manniani
567 790 666 846 autem
683 788 713 845 M
735 790 825 862 atque
842 787 979 846 editionis
995 787 1128 846 Venetae
1143 785 1283 845 librarios
1299 803 1370 845 casu
1387 786 1507 863 quodam

394 890 498 950 eadem
528 889 637 949 menda
666 889 760 950 textui
790 889 965 949 inculcasse.
1008 888 1068 948 Sed
1092 907 1157 948 cum
1182 891 1211 948 ct
1234 889 1460 964 cognoverimus
1482 894 1510 949 et

395 992 544 1069 cognituri
567 993 656 1052 simus
680 1008 731 1062 eas
754 991 859 1051 libriB
883 991 1057 1070 scripturas,
1080 1010 1157 1069 qnae
1173 990 1270 1050 bonae
1286 1007 1353 1050 esse
1368 991 1510 1067 videntur,

394 1095 567 1172 saepissime
589 1095 777 1155 coniecturae
800 1094 850 1153 via
873 1098 954 1154 ortas
975 1111 1050 1171 esse,
1073 1094 1110 1154 de
1125 1092 1184 1153 fide
1200 1093 1289 1153 huius
1305 1094 1418 1154 codicis
1432 1095 1510 1154 dubi·

394 1203 459 1258 tare
481 1217 541 1258 non
563 1197 698 1275 ineptum
721 1197 791 1255 mihi
813 1196 934 1258 videtur
957 1214 1032 1256 esse.

480 1300 530 1362 Or.
545 1285 698 1357 XXXXIX
722 1304 770 1372 12,
786 1304 817 1361 5:
841 1301 869 1358 M
886 1298 936 1358 ed:
948 1301 1022 1359 Ven.
1040 1288 1102 1377 ἔφη
1118 1291 1154 1356 δέ
1168 1315 1218 1368 τις
1232 1295 1304 1356 τῶν
1319 1283 1423 1377 ὀλίγῳ
1436 1289 1511 1377 πρό-

394 1420 494 1482 τερον
521 1392 721 1478 φιλοσόφων
750 1386 792 1460 oo'
815 1397 949 1477 φαῦλον
978 1399 1036 1473 [ed.
1061 1402 1132 1460 Ven.
1155 1389 1308 1474 φαύλων]
1333 1391 1402 1460 τὸν
1423 1386 1512 1481 Ἰσμη-

395 1500 472 1564 νίαν
494 1501 597 1564 τοῦτο
620 1493 764 1583 μάλιστα
787 1490 997 1582 ἀγανακτεῖν,
1019 1491 1060 1560 τὸ
1082 1499 1257 1560 καλεῖσθαι
1275 1486 1423 1582 αὐλητὰς
1437 1491 1514 1573 τούς

394 1597 620 1682 τυμβαύλονς.
670 1608 829 1685 Emporion
853 1612 883 1667 et
904 1604 1081 1667 Dindorfius
1104 1623 1191 1681 quum
1214 1606 1252 1665 ob
1275 1624 1338 1665 rem
1361 1607 1471 1666 codicis
1492 1607 1514 1666 B

395 1712 575 1788 scripturam
598 1697 638 1768 τὸ
661 1695 825 1790 Ἰσμηνίαν
848 1709 1049 1786 probaverint,
1070 1708 1245 1784 intellegere
1269 1727 1396 1785 nequeo.
1440 1711 1514 1769 Num

395 1833 577 1893 quamquam
607 1833 644 1873 ex
672 1814 873 1890 grammaticis
901 1812 1017 1888 legibus
1039 1809 1205 1870 infinitivus
1227 1799 1267 1869 τό
1290 1795 1456 1890 Ἰσμηνίαν
1477 1843 1516 1852 -

395 1905 599 1996 ἀγανακτεῖν
620 1915 739 1976 defendi
762 1915 837 1976 bene
860 1918 968 1990 potest,
990 1914 1014 1974 si
1038 1913 1272 1973 Meermanniani
1288 1914 1317 1972 M
1340 1914 1516 1990 scripturam

395 2006 437 2079 od
464 2015 600 2096 φαῦλον
629 2020 659 2079 in
690 2021 802 2079 textum
834 2018 1002 2094 recipimus,
1035 2035 1053 2076 a
1084 2016 1176 2094 polito
1199 2020 1298 2076 tamen
1322 2017 1428 2077 Dionis
1450 2019 1517 2077 stilo

395 2123 537 2183 abhorret
566 2121 641 2182 duos
671 2121 840 2192 infinitivos‚
878 2120 987 2198 quibus
1015 2118 1186 2195 adscriptus
1216 2122 1263 2179 est
1292 2119 1439 2179 articulus
1469 2109 1518 2190 τό,

395 2227 585 2302 coniungere.
635 2222 865 2302 Comprehenda
892 2223 983 2299 igitur
1011 2226 1056 2282 est
1079 2240 1116 2281 ex
1138 2240 1203 2281 mea
1225 2221 1347 2298 quidem
1369 2224 1520 2282 sententia

394 2329 543 2405 scriptura
565 2316 764 2403 φιλοσόφων
787 2310 829 2385 οὐ
852 2320 994 2401 φαῦλον,
1015 2314 1077 2383 τὸν
1099 2309 1272 2404 Ἰσμηνίαν.

479 2433 525 2491 Ne
548 2431 579 2490 in
601 2431 738 2508 sequenti
762 2428 883 2508 quidem
898 2428 978 2488 illins
994 2429 1137 2488 orationis
1153 2427 1343 2505 paragrapho
1359 2429 1521 2506 Emperius

394 2537 424 2594 et
451 2533 625 2595 Diudorfins
655 2538 735 2594 recte
766 2532 872 2593 iecisse
903 2533 973 2591 mihi
1002 2531 1145 2592 videntur
1173 2530 1335 2608 probantes
1363 2531 1522 2592 codicisB

394 2636 586 2713 scripturam:
610 2628 639 2694 εί
659 2653 710 2702 τις
734 2623 936 2714 ἀλλοτρίους
959 2627 1074 2693 ἐθέλοι
1092 2629 1262 2711 προτιμᾶν
1278 2631 1400 2707 (ΧΧΧΧ
1419 2639 1469 2711 13,
1483 2632 1523 2705 9).

394 2740 470 2799 Nam
501 2757 567 2798 cum
595 2757 652 2816 pro
682 2729 798 2798 ἐθέλοι
819 2739 849 2798 in
873 2736 979 2798 codice
1001 2737 1243 2797 Msermannisno
1267 2737 1297 2796 M
1319 2736 1391 2796 insit
1412 2729 1525 2812 θέλοι,

393 2842 423 2901 in
447 2840 579 2902 editione
601 2845 700 2900 autem
717 2842 831 2901 Veneta
854 2833 956 2913 θέλει,
978 2843 1104 2916 apparet
1120 2838 1248 2898 Dionem
1264 2857 1324 2899 non
1340 2838 1433 2898 verbo
1449 2831 1525 2897 ἐθέ-

398 2941 479 3016 λειν,
502 2944 555 3004 sed
578 2937 695 3002 θέλειν
718 2934 864 3004 hocloco
887 2961 952 3004 esse
975 2961 1070 3020 usum,
1104 2959 1285 3018 quamquam
1308 2940 1365 3001 hoc
1388 2941 1526 3002 concedo

395 3047 485 3122 longe
514 3046 648 3124 plurimis
681 3046 762 3118 locis,
797 3045 848 3106 ubi
870 3044 1052 3105 antecedens
1075 3062 1135 3104 vox
1157 3044 1187 3103 in
1211 3049 1427 3104 consonantem
1451 3045 1527 3121 exit,

394 3149 517 3210 verbum
548 3141 670 3220 έθέλω,
703 3166 763 3208 non
792 3141 895 3221 θέλω,
931 3147 1071 3222 scriptum
1102 3163 1156 3205 nos
1186 3144 1298 3205 videre.
1342 3145 1528 3224 Complures

393 3255 492 3311 autem
516 3269 580 3311 cunr
605 3250 770 3312 invenerim
793 3251 883 3322 locos,
907 3250 959 3309 ubi
980 3250 1058 3309 Dion
1081 3247 1196 3308 recedit
1214 3266 1233 3306 a
1254 3247 1373 3308 dicendi
1389 3248 1440 3308 illo
1457 3266 1529 3318 usu,

392 3354 479 3412 sicuti
500 3353 544 3412 ΠΙ
568 3356 652 3429 25,2
675 3358 749 3424 τοῖς
769 3346 921 3425 θέλουσι,
950 3351 992 3412 Xl
1015 3355 1100 3429 42,4
1124 3337 1166 3408 ἀν
1189 3343 1325 3427 θέλωσι,
1354 3347 1530 3408 XXXXVII

393 3460 456 3534 2‚6
487 3445 631 3515 κωλύειν
653 3450 785 3537 θέλητε,
819 3474 880 3516 non
908 3459 960 3527 est,
995 3473 1049 3515 cnr
1075 3459 1237 3532 sequentes
1260 3453 1391 3514 codicem
1417 3457 1443 3514 B
1468 3474 1528 3533 pro

391 3551 509 3617 θέλειν
531 3560 561 3618 in
585 3562 698 3620 textum
721 3560 901 3636 recipiamus
923 3557 1048 3618 verbum
1072 3548 1240 3630 έθέλεινλ)

478 3660 528 3722 Or.
544 3659 725 3718 XXXXVIII
743 3665 822 3734 14,7
844 3662 873 3720 in
898 3659 1001 3720 codice
1018 3661 1047 3719 M
1071 3663 1100 3719 et
1118 3659 1148 3719 in
1165 3660 1296 3720 editione
1313 3661 1430 3720 Veneta
1445 3661 1531 3719 haec

392 3763 529 3824 videmus
560 3764 683 3840 scripta:
717 3756 745 3822 εί
778 3756 851 3841 ἐμοὶ
874 3756 1070 3841 προσέκειτο
1094 3757 1158 3820 νῦν
1179 3745 1264 3839 ὑπὲρ
1288 3744 1453 3839 ὁμονοίας
1480 3756 1534 3821 λε’-

392 3882 473 3944 γειν,
496 3855 593 3924 εἷπον
616 3851 658 3924 ἀν
681 3855 793 3924 πολλὰ
815 3858 971 3945 καὶπερὶ
993 3861 1063 3924 τῶν
1088 3849 1320 3943 ἀνθρωπίνων
1343 3907 1351 3923 .
1375 3909 1382 3922 .
1408 3910 1416 3922 .
1442 3866 1535 3940 Quo·

392 3986 458 4028 rum
480 3968 640 4029 verborum
664 3986 770 4029 sensus
794 3987 860 4029 cum
884 3969 947 4029 sine
971 3968 1061 4030 dnbio
1085 3968 1133 4028 hic
1157 3969 1207 4028 sit:
1233 3968 1275 4040 „si
1299 3966 1369 4026 milri
1390 3967 1534 4029 destina·

478 4136 500 4199 1)
518 4131 754 4199 lisisterhansius,
776 4131 951 4187 Grammatik
969 4131 1019 4186 der
1036 4130 1176 4186 attischsn
1194 4127 1376 4185 lnsohriften²
1404 4131 1536 4200 (Berlin,

392 4217 557 4272 Weidmanu
574 4219 661 4286 1888),
679 4234 705 4286 p.
719 4221 775 4286 142,
785 4222 817 4272 23
836 4217 904 4272 haec
922 4218 957 4272 de
975 4233 1030 4271 usu
1049 4217 1196 4272 verborum
1216 4210 1297 4270 θέλω
1315 4223 1403 4286 atque
1427 4212 1538 4274 ἐθέλω

392 4303 472 4358 dicit:
491 4297 615 4372 ,,έθέλω,
628 4302 706 4356 nicht
719 4297 808 4371 θέλω,
821 4303 860 4358 ist
874 4303 917 4358 bis
931 4319 993 4356 num
1007 4303 1086 4357 Ende
1100 4303 1150 4357 des
1162 4301 1211 4357 IV.
1222 4301 1319 4356 Jahrh.
1332 4302 1378 4356 die
1392 4302 1538 4358 Schreib-

391 4389 477 4444 weiss
495 4389 545 4443 der
561 4387 701 4444 attisclren
719 4388 898 4443 Inschrit'ten.
934 4388 993 4443 Ssit
1012 4393 1061 4443 250
1074 4404 1100 4444 v.
1114 4388 1178 4442 Cirr.
1196 4386 1294 4441 taucht
1311 4381 1393 4442 θέλω
1414 4388 1502 4446 auf.“
