3216 5044
379 423 419 482 38

378 591 502 662 Veneta,
517 594 595 652 'sunt
609 592 694 670 tales,
716 594 750 652 ut
770 593 894 670 probari
918 591 1002 652 nullo
1026 591 1113 652 modo
1137 594 1260 670 possint
1305 593 1417 654 Contra
1433 613 1502 654 cum

378 693 545 754 ParisiniB
567 693 735 770 scripturae
759 693 819 753 sint
840 693 946 772 bonae,
968 712 1028 753 non
1052 698 1105 770 est,
1128 712 1182 753 cur
1204 694 1261 753 illis
1283 695 1357 755 locis
1380 696 1504 755 receda-

378 817 444 859 mus
466 798 504 858 ab
527 797 585 858 hoc
608 796 721 858 codice.
763 799 852 858 Nunc
875 798 1062 859 enumeranti
1085 797 1153 857 mihi
1177 797 1232 858 llos
1251 799 1334 860 locos
1357 817 1417 860 non
1439 800 1503 860 ubi-

378 918 437 977 que
467 899 670 961 necesearium
700 899 820 960 uidetur
847 899 945 960 insius
974 918 1135 977 exponere,
1165 918 1254 978 quam
1277 901 1399 962 obrem
1423 901 1504 961 codi-

378 1003 421 1062 cis
436 1003 467 1062 M
489 1007 520 1062 et
543 1001 683 1063 editionis
699 1005 832 1064 Venetae
856 1003 1001 1063 lectiones
1024 1002 1194 1064 reiciendae
1214 1004 1286 1075 siut;
1310 1003 1362 1064 sed
1379 1006 1423 1064 eis
1439 1008 1503 1064 tan-

378 1110 440 1167 tum
470 1106 545 1167 lacis
573 1107 743 1166 accuratius
771 1106 808 1166 de
839 1105 974 1166 codicum
1004 1106 1120 1166 illorum
1143 1107 1299 1184 scripturis
1322 1126 1421 1185 agam,
1444 1109 1506 1186 ubi,

379 1228 467 1288 quem
490 1210 626 1287 sequaris
649 1210 764 1281 librum,
788 1208 915 1271 fortasse
939 1209 1096 1270 dubitabis.

464 1309 541 1371 Sunt
561 1314 660 1372 autem
684 1310 713 1370 hi
736 1311 807 1371 loci:
830 1329 872 1371 or.
887 1311 973 1371 XVII
991 1315 1038 1386 15,
1051 1315 1082 1373 3:
1107 1313 1130 1370 B
1146 1305 1203 1368 καὶ
1216 1299 1282 1390 μὴν
1298 1302 1504 1392 Πολυκράτη

379 1407 490 1489 φασίν,
514 1403 577 1484 ἕως
597 1407 658 1492 μὲν
673 1401 794 1491 Σάμου
815 1402 921 1492 μόνης
943 1399 1053 1491 ἦρχεν,
1077 1397 1381 1491 εὐδαιμονέστατον
1398 1397 1506 1474 ἁπάν-

379 1533 449 1575 τοον
466 1509 634 1595 γενέσθαι,
656 1505 868 1594 βουλόμενον
884 1508 920 1574 δέ
934 1509 1037 1574 τιίιαὶ
1053 1513 1125 1574 τῶν
1140 1509 1248 1593 πέραν
1263 1513 1506 1596 πολυπραγμο-

379 1627 460 1692 νεῖν,
482 1609 730 1679 διαπλεύσαντα
753 1609 838 1698 πρὸς
858 1603 1007 1698 Ὀροίτην
1028 1651 1070 1659 -
1091 1613 1175 1699 μηδὲ
1198 1610 1317 1698 ῥαδὶου
1339 1638 1376 1697 γε
1400 1612 1506 1682 θανά-

378 1738 442 1782 του
464 1729 586 1800 τυχεῖν,
615 1725 653 1783 Μ.
676 1722 723 1782 ed.
745 1723 820 1782 Ven.
842 1751 885 1761 -
907 1713 944 1780 δέ
965 1738 997 1780 τι
1019 1715 1076 1780 καὶ
1098 1718 1169 1780 τῶν
1190 1716 1276 1800 πέρα
1300 1769 1306 1781 .
1329 1765 1337 1782 .
1360 1765 1368 1782 .
1407 1725 1508 1785 Verba

378 1815 587 1904 βουλόμενον
618 1818 655 1884 δέ
683 1841 716 1883 τι
738 1818 795 1883 καὶ
817 1820 890 1883 τῶν
912 1818 1020 1903 πέραν
1042 1822 1344 1903 πολυπραγμονεῖν
1366 1827 1409 1886 sic
1432 1829 1506 1887 milri

379 1928 520 1989 videntur
541 1926 769 2005 interpretanda
790 1945 869 1987 esse:
894 1926 1039 1996 „studens
1060 1933 1160 1987 autem
1184 1928 1271 1987 etiam
1298 1929 1508 1990 transmarinis

379 2032 470 2092 rebus
500 2048 532 2090 se
561 2028 763 2106 immiscere“;
799 2047 870 2090 narn
896 2029 920 2089 si
951 2030 1083 2107 opinaris
1106 2048 1157 2090 eas
1178 2031 1270 2090 'voces
1292 2030 1367 2091 haec
1389 2033 1508 2093 valere:
1590 2007 1591 2034 ἲ

381 2134 526 2206 „studens
540 2137 639 2196 autem
655 2132 775 2193 modum
791 2131 928 2210 transire,
950 2133 1038 2193 sicuti
1054 2152 1072 2192 a
1087 2132 1151 2193 deis
1167 2133 1194 2193 ei
1212 2135 1395 2195 constitutus
1411 2135 1508 2209 erat“,

380 2257 417 2300 ea
447 2237 536 2299 nimis
564 2235 725 2296 artificiosa
755 2235 901 2296 arbitratu
931 2254 996 2296 meo
1027 2239 1073 2296 est
1095 2236 1311 2312 interpretatio,
1344 2243 1509 2314 propterea

380 2341 462 2421 quod
484 2340 679 2418 sequentibus
700 2339 801 2399 verbis
824 2339 935 2399 diserte
958 2337 1069 2399 dictum
1091 2342 1137 2398 est
1152 2340 1341 2416 Polycratem
1357 2341 1395 2400 ad
1412 2339 1508 2402 Oroe-

381 2449 449 2516 tem,
472 2446 631 2504 Persarum
655 2446 816 2520 satrapem,
839 2459 871 2501 se
895 2442 1070 2518 contulisse,
1092 2443 1143 2519 qui
1161 2443 1343 2519 Magnesiae,
1365 2444 1451 2504 sicuti
1468 2463 1509 2504 ex

380 2548 469 2608 tertio
492 2546 638 2606 Herodoti
663 2545 738 2606 libro
760 2548 897 2623 apparet,
919 2545 1104 2604 versabatur.
1141 2546 1303 2609 Praeterea
1325 2546 1508 2607 adiectivum

380 2639 491 2730 μόνης,
514 2648 596 2726 quod
618 2647 802 2726 adscriptum
823 2652 870 2708 est
883 2647 1072 2708 substantivo
1088 2636 1217 2726 Σάμου,
1239 2654 1392 2727 repugnat
1405 2655 1507 2726 poste·
1589 2681 1590 2686 κ

381 2753 452 2814 riori
481 2752 640 2812 verborum
670 2751 920 2828 interpretationi.
971 2751 1077 2827 ltaque
1104 2751 1305 2828 intellegimus
1327 2751 1509 2812 adverbium

380 2857 438 2916 loci
461 2853 710 2932 significationem
733 2853 851 2929 habere,
874 2855 921 2914 eui
937 2853 1148 2931 significationi
1164 2853 1287 2915 sormam
1303 2849 1422 2933 πέραν,
1444 2875 1510 2916 non

307 2955 311 2964 ’
381 2953 467 3037 πέρα
497 2961 596 3035 πρῖνοι
627 2975 691 3018 erse
721 2961 824 3016 uotum
854 2961 907 3017 est.
962 2955 1154 3035 Quapropter
1187 2958 1343 3034 Emporias
1377 2963 1407 3018 et
1434 2959 1510 3020 Din-

382 3061 495 3122 dorfius
524 3064 606 3121 recte
635 3059 773 3120 iecerunt
802 3058 929 3120 Parisini
953 3061 976 3118 B
1007 3062 1184 3137 scripturam
1207 3053 1314 3138 πέραν
1336 3060 1366 3120 iu
1390 3063 1511 3121 textum

382 3165 567 3241 recipientes.
611 3154 769 3224 Facillime
784 3167 882 3224 autem
906 3166 936 3223 et
959 3161 1070 3223 codicis
1089 3163 1324 3223 Meermanniaui
1339 3165 1369 3223 M
1392 3168 1422 3224 et
1444 3165 1513 3224 edi-

381 3269 470 3329 tionis
485 3268 617 3327 Venetae
639 3266 777 3326 librarius
793 3266 922 3326 litteram
938 3265 1109 3326 vomitione
1125 3267 1230 3343 potuit.
1267 3265 1401 3342 Accedit,
1424 3269 1511 3342 quod
1588 3329 1589 3342 ,

383 3388 536 3448 nunquam
563 3369 642 3430 Dion
673 3368 818 3428 adverbio
839 3360 926 3444 πέρα
949 3384 1021 3428 usus
1043 3369 1096 3439 est,
1130 3367 1297 3428 bisantem
1320 3386 1424 3429 vocem
1446 3364 1515 3428 πέ-

383 3489 447 3551 ραν
469 3472 551 3552 apud
574 3491 641 3532 eum
664 3472 806 3549 scriptam
829 3470 977 3530 videmus:
1011 3489 1053 3530 or.
1076 3471 1254 3547 xl114,4:
1287 3463 1342 3528 καὶ
1365 3461 1516 3531 ἐποίουν

382 3569 490 3654 πέραν
511 3567 670 3654 μένοντες
692 3578 722 3634 et
743 3574 914 3649 x1116,2:
938 3562 971 3630 αἱ
995 3565 1031 3631 δὲ
1053 3564 1090 3631 ἐν
1110 3568 1160 3652 τῷ
1183 3566 1292 3650 πέραν
1313 3563 1441 3650 ἔμενον.

467 3678 587 3755 Reliqui
602 3677 669 3754 loci,
685 3676 736 3736 ubi
753 3675 863 3736 codicis
879 3676 1111 3736 Mecrmanniani
1128 3676 1158 3733 Μ
1174 3681 1204 3735 et
1219 3674 1357 3758 editionis
1373 3677 1516 3738 Venetae

383 3781 526 3841 lectiones
542 3778 720 3855 reiciendac,
734 3777 910 3856 probandae
926 3782 1024 3838 autem
1040 3781 1111 3838 sunt
1126 3777 1236 3838 codicis
1251 3778 1379 3840 Parisini
1395 3780 1420 3837 B
1436 3797 1517 3840 con·

385 3885 528 3962 iecturae,
549 3889 621 3945 sunt
642 3884 686 3943 hi:
720 3885 815 3944 oratio
838 3879 948 3941 XXXI:
972 3885 1067 3961 9,13:
1089 3883 1114 3941 B
1137 3865 1177 3939 dv
1200 3867 1243 3939 dv
1264 3870 1443 3960 βουλήσδε,
1483 3885 1517 3944 Μ
1587 3887 1588 3910 ³

383 3986 429 4048 ed.
444 3989 518 4048 Veu.
541 3971 581 4045 dv
597 3971 645 4044 ’δν
667 3975 858 4062 dedicanda
887 3988 980 4062 38,8:
1003 3968 1071 4062 Bd,
1093 3985 1124 4043 Μ
1139 3971 1193 4059 ὃν;
1223 3988 1319 4060 45,3:
1341 3985 1365 4043 B
1386 3979 1421 4042 τί
1443 4003 1517 4044 κου·

383 4080 464 4164 λεέι,
488 4093 518 4150 Μ
534 4090 580 4151 ed.
596 4092 670 4151 Ven.
692 4076 713 4168 ἢ
737 4078 873 4161 κωλύεις
906 4092 954 4165 54,
966 4092 998 4151 9:
1021 4088 1045 4147 B
1059 4076 1174 4146 πολλὰ
1185 4077 1338 4166 χρήματα
1353 4074 1435 4168 παρ’
1449 4075 1519 4150 αὖ·

383 4200 454 4264 τοῖς
483 4185 552 4252 ἐστι
583 4237 622 4252 ..
648 4237 655 4252 .
684 4182 728 4250 τδι
757 4185 793 4251 δὲ
821 4184 878 4250 καὶ
908 4181 1026 4270 δήμων
1047 4184 1103 4248 καὶ
1126 4183 1300 4263 βασιλέων,
1331 4174 1521 4254 deretani

383 4282 517 4367 πάντες,
540 4297 570 4354 Μ
586 4294 631 4357 ed.
648 4296 721 4356 Ven.
737 4314 793 4356 om.
816 4279 850 4371 ἃς
888 4298 978 4370 60,4:
1002 4295 1026 4353 B
1049 4285 1198 4370 ἐκείνοις,
1221 4294 1250 4352 Μ
1266 4293 1316 4354 ed.
1330 4294 1405 4354 Ven.
1429 4285 1521 4355 ἐκεί-

385 4417 477 4471 νους;
512 4402 603 4470 63,8;
626 4394 797 4478 Βμᾶλλον
820 4385 862 4456 ἂν
884 4386 1017 4475 δόξαιεν
1038 4380 1100 4455 τὸν
1123 4384 1311 4475 ποιήσαντα
1334 4379 1468 4455 ἀδικεῖν
1495 4388 1521 4479 ἢ
