3216 5044
381 441 422 498 40

466 607 561 666 Venio
584 625 664 666 nunc
687 606 725 665 ad
748 606 875 666 alterum
899 587 997 684 caput,
1018 607 1068 666 uhi
1092 605 1129 665 de
1146 608 1188 666 eis
1204 626 1289 682 agam
1308 595 1498 686 orationihus,

379 708 556 785 quibuscum
585 713 706 784 praeter
737 706 856 768 codices
887 709 941 768 ΜΒ
968 711 1149 785 praeterque
1172 707 1332 769 editionem
1357 711 1497 770 Venetam

379 813 466 872 ctiam
497 811 524 871 ei
548 811 649 871 collati
673 817 743 871 sunt
765 811 892 887 codices,
925 811 1029 887 quiin
1053 811 1207 871 meliorum
1231 811 1365 871 codicum
1389 812 1499 872 familia

378 914 457 975 HPo
480 912 656 973 numerandi
680 917 757 972 sunt.
790 915 839 972 ln
863 914 905 972 eis
928 913 1112 974 orationibus
1135 914 1277 974 sicodor
1301 915 1454 976 Parisinus
1476 918 1498 975 B

379 1035 457 1076 unns
486 1017 615 1075 omnium
643 1015 787 1076 librorum
818 1016 911 1075 bonas
942 1017 1085 1076 lectiones
1108 1035 1245 1076 servasse
1268 1018 1353 1078 nobis
1376 1019 1499 1095 videtur,

379 1137 475 1196 paene
506 1122 620 1178 certum
651 1123 696 1178 est
727 1120 914 1179 coniecturas
946 1120 1070 1178 alicuius
1102 1120 1222 1193 librarii,
1261 1139 1320 1179 non
1353 1121 1499 1196 genuinas

379 1221 535 1298 archetypi
560 1221 704 1280 lectiones
727 1222 756 1280 in
780 1239 816 1280 eo
840 1226 967 1281 exstare.
1011 1223 1086 1280 Nam
1108 1223 1131 1280 si
1148 1221 1255 1281 ceteris
1271 1223 1423 1282 codicibus
1438 1243 1500 1283 eas·

379 1323 445 1383 dem
477 1328 635 1400 corruptas
667 1324 876 1384 exhibentibus
905 1323 1072 1400 scripturas
1095 1326 1123 1383 in
1148 1325 1283 1384 Parisino
1307 1327 1331 1385 Β
1354 1327 1500 1400 genuinas

379 1424 535 1502 archetypi
559 1425 703 1485 lectiones
725 1430 887 1502 propterea
910 1425 1038 1485 fortasse
1061 1427 1158 1486 inesse
1176 1427 1396 1499 arbitraremur,
1421 1429 1500 1504 quod

379 1527 475 1588 codex
497 1529 535 1587 13³
556 1528 595 1587 ad
618 1529 725 1589 librum
749 1529 767 1602 ξ
790 1535 942 1588 correctus
965 1535 1019 1605 est,
1042 1535 1103 1589 tum
1127 1530 1291 1606 potandum
1316 1531 1402 1590 nobis
1423 1536 1502 1592 esset

378 1636 409 1691 et
430 1631 459 1690 iu
483 1630 586 1691 codice
609 1648 629 1708 y
651 1635 681 1690 et
702 1631 732 1691 in
750 1631 852 1690 codice
871 1647 889 1689 ο
905 1632 1049 1706 genuinas
1067 1631 1158 1691 fuisse
1176 1633 1332 1711 archetypi
1348 1633 1501 1705 lectiones,

379 1752 455 1810 quae
478 1739 581 1810 postea
604 1751 675 1793 casu
698 1733 827 1810 quodam
852 1738 881 1793 et
903 1753 921 1792 a
944 1735 1053 1793 codicis
1076 1751 1101 1791 π
1124 1741 1154 1794 et
1177 1754 1194 1793 a
1218 1737 1450 1796 Meermanniani
1473 1739 1502 1796 M

378 1836 506 1896 librariis
529 1833 634 1896 eodem
657 1837 744 1897 modo
768 1837 948 1914 depravatae
972 1841 1084 1910 essent:
1113 1841 1270 1914 praeterea
1291 1845 1389 1899 autem
1413 1840 1501 1899 etiam

378 1939 435 1999 hoc
457 1939 595 1999 arbitrari
619 1957 740 1998 necesse
765 1944 843 1998 esset
867 1939 978 1999 codicis
1002 1923 1030 2010 d,
1054 1940 1209 2016 archetypi
1226 1939 1407 2001 deteriorum
1424 1943 1503 2001 codi-

378 2060 454 2118 cum,
476 2041 630 2101 librarium
654 2041 773 2102 easdem
798 2042 983 2118 corruptelas
1007 2043 1099 2102 textui
1123 2043 1298 2102 inculcasse.
1347 2044 1379 2102 ld
1403 2048 1502 2103 autem

379 2144 451 2204 nihil
474 2143 691 2220 probabilitatis
715 2144 825 2204 hahere
849 2162 934 2204 nemo
959 2145 1088 2221 negabit.

387 2289 389 2296 ι
465 2246 516 2307 Or.
531 2245 640 2302 LXVII
656 2252 683 2321 2,
696 2251 728 2308 3:
760 2248 844 2308 :loll
860 2246 904 2306 ed.
923 2249 994 2306 Veu.
1018 2236 1137 2325 φαύλῳ
1160 2237 1221 2325 γὰρ
1245 2234 1286 2305 ἂν
1306 2233 1426 2306 κανόνι
1446 2243 1504 2306 καὶ

378 2337 573 2406 παντάπασι
596 2344 723 2426 σκολιῷ
749 2393 755 2406 .
781 2392 787 2406 .
813 2393 820 2406 .
843 2338 885 2405 τὰ
907 2338 1084 2426 πράγματα
1108 2345 1249 2427 σταθμῷ
1272 2347 1312 2424 τῷ
1335 2338 1415 2424 δόξῃ
1433 2366 1505 2407 πει-

378 2439 527 2527 ρώμενος
555 2437 764 2508 ἀπευθύνειν
786 2434 883 2508 αὐτά.
930 2450 1028 2508 Verba
1051 2448 1193 2528 σταθμῷ
1215 2447 1256 2526 τῇ
1278 2440 1358 2526 δόξῃ
1375 2451 1432 2510 iam
1450 2452 1505 2512 Ga·

378 2552 511 2612 saubono
541 2551 696 2612 offensioni
727 2555 826 2629 erant,
864 2552 914 2628 qui
947 2554 976 2610 in
1011 2553 1165 2623 ,Distriba
1196 2553 1224 2610 in
1253 2552 1396 2614 Diouem“
1428 2554 1505 2612 haec

378 2656 509 2732 profert:
536 2656 684 2726 „Verbum
709 2660 754 2715 est
777 2651 929 2734 σταθμῷ,
952 2649 1506 2733 nounome'n;‘expende1·et’,‘pou·

378 2752 524 2834 deraret'3
558 2757 610 2817 sed
640 2759 745 2819 melius
768 2759 883 2817 scribas
905 2747 1067 2836 σταθμῷη
1091 2758 1139 2818 vel
1163 2754 1355 2837 σταθμῷτο,
1379 2763 1411 2817 ut
1434 2779 1505 2819 mor

379 2846 648 2938 σταθμώμενος.“
689 2859 802 2920 Deinde
826 2864 981 2938 postquam
1003 2859 1140 2920 Reishius
1164 2860 1297 2919 codicum
1322 2861 1505 2938 scripturam

378 2965 407 3024 in
424 2968 538 3023 textum
555 2964 677 3040 recepit,
697 2964 855 3040 Emporias
871 2967 901 3022 et
918 2961 1090 3022 Diodorlins
1106 2963 1282 3023 Oasaubono
1298 2962 1508 3024 adsentientes

379 3068 585 3143 probaverunt
607 3067 764 3126 lectionem
789 3062 970 3143 σταθμῷτο
995 3061 1034 3142 τῇ
1057 3054 1147 3141 δόξῃ.
1186 3066 1274 3125 Docti
1289 3067 1333 3124 illi
1349 3066 1404 3125 viri
1421 3067 1507 3143 quod

378 3170 507 3229 activum
530 3185 626 3244 genus
648 3169 731 3228 verbi
756 3163 912 3244 σταθμᾶν
935 3173 1125 3228 mutaverunt
1147 3168 1177 3227 in
1201 3169 1330 3228 medinm
1354 3167 1508 3246 σταθμᾶ-

378 3271 472 3344 σθαι,
506 3275 588 3331 recte
617 3272 687 3330 mihi
719 3271 857 3332 videntur
888 3270 1002 3330 fecisse.
1056 3271 1205 3330 Henricus
1233 3272 1309 3330 enim
1332 3269 1509 3348 Stephanus

378 3375 443 3447 (aut
465 3373 651 3442 Dindorlius)
675 3374 704 3432 in
727 3373 884 3434 Thesauro
907 3373 1026 3449 linguae
1043 3373 1176 3432 Graecae
1200 3378 1260 3432 tres
1282 3377 1397 3433 tantum
1414 3377 1510 3434 affert

380 3478 470 3548 locos,
495 3477 544 3536 ubi
567 3478 698 3536 activum
722 3476 809 3536 huius
831 3476 915 3535 verbi
937 3475 1099 3535 invenitur:
1133 3477 1204 3534 llur.
1228 3477 1279 3535 lon
1305 3481 1395 3538 1137:
1423 3471 1510 3536 πλέ-

379 3577 469 3658 θρον
492 3568 685 3657 σταθμήσας
707 3573 753 3650 είς
776 3565 959 3656 ου’γοίνιον;
990 3580 1184 3638 Nomocanou
1202 3579 1328 3639 Coteler.
1351 3580 1381 3638 in
1406 3582 1511 3639 crimi-

379 3683 498 3742 natione
521 3681 667 3743 adversus
690 3682 844 3742 ecclesiam
868 3682 1014 3756 Latinam,
1043 3682 1101 3740 vol.
1118 3687 1145 3753 3,
1168 3701 1195 3758 p.
1213 3685 1275 3742 500
1289 3681 1325 3740 A:
1349 3675 1376 3740 ei
1398 3672 1445 3759 μὴ
1472 3674 1513 3741 ἐκ

379 3782 438 3864 τῆς
470 3770 682 3865 προσότητος
715 3781 786 3842 τῷν
822 3773 1057 3860 σταθμοίντων
1094 3769 1180 3862 πρὸς
1217 3768 1339 3854 αὐτοὺς
1368 3774 1512 3862 δώρων.

379 3889 501 3948 Tertius
524 3893 622 3946 autem
646 3887 737 3963 locus,
761 3887 812 3963 qui
835 3890 933 3946 exstat
955 3887 985 3944 in
1001 3885 1127 3944 Luciani
1149 3885 1248 3945 libello
1263 3882 1336 3955 πῶς
1354 3881 1405 3944 δεῖ
1418 3877 1515 3946 ἱστο-

380 3983 457 4067 ρίαν
480 3975 694 4066 σονγρὰφειν,
718 4007 782 4065 cap.
799 3993 852 4050 63:
877 3971 977 4058 οὗτός
1000 3998 1052 4046 σοι
1068 3979 1182 4046 κανοὸν
1197 3983 1252 4046 καί
1268 3979 1401 4066 στάθμη
1417 3980 1514 4049 ἱστο-

378 4086 451 4169 ρίας
478 4085 619 4161 δικαίας·
650 4084 706 4149 καὶ
736 4083 764 4148 εἰ
790 4083 851 4168 μὲν
881 4079 1133 4168 σταθμήσονταί
1163 4107 1250 4159 τινες
1273 4074 1367 4167 αὐτῇ,
1400 4069 1440 4148 εὖ
1469 4078 1516 4150 ἂν

379 4183 458 4272 ἐ’χοι,
482 4191 566 4252 cuius
582 4193 760 4253 mentionem
777 4193 856 4264 facit,
873 4211 932 4252 non
948 4191 1099 4270 quadrare
1115 4193 1185 4252 mihi
1201 4192 1328 4269 videtur,
1343 4199 1517 4271 propterea

468 4357 486 4424 ¹)
505 4354 750 4423 Wyttenbaehius,
764 4357 779 4409 l.
793 4371 825 4422 e,
839 4355 881 4410 ed.
895 4355 971 4423 Lips.
985 4353 1005 4420 I,
1017 4359 1074 4422 523,
1091 4354 1166 4408 iusto
1178 4355 1238 4408 iure
1251 4357 1374 4423 φθονεῖν
1388 4370 1421 4410 er
1436 4375 1518 4427 φοο-

380 4446 448 4505 νεῑν,
467 4441 496 4494 id
514 4441 590 4510 qnod
609 4440 736 4494 omnibns
755 4440 875 4496 traditur
893 4440 1045 4509 codicibus,
1063 4441 1226 4496 emendasse
1244 4439 1311 4494 mibi
1329 4440 1454 4497 videtur.
