3216 5044
1180 423 1219 479 13

103 589 315 649 adscribendus
343 593 389 648 cst
418 589 577 666 codicibus,
604 607 782 666 quamquam
805 588 974 665 Hilgersius
1000 587 1074 648 illud
1103 589 1220 649 silentio

104 692 251 768 praeterit.

185 794 285 854 Multis
314 795 406 871 igitur
432 794 515 872 locis,
545 795 570 854 si
596 795 633 853 ab
655 793 795 870 Hilgcrsii
821 797 934 853 stamus
961 798 1056 870 parte,
1085 793 1163 853 alias
1190 793 1220 852 in

103 900 212 956 textum
243 896 434 973 recipiendae
462 901 534 956 sunt
559 896 726 973 scripturae
755 899 845 973 atquc
875 914 955 955 nunc
982 897 1010 954 iu
1040 895 1222 956 editionibus

104 1002 232 1077 exstaut;
259 999 311 1059 sed
335 999 452 1060 etiamsi
474 1001 616 1074 Emperio
638 999 840 1060 adsentientes
863 999 1031 1058 Parisinum
1050 1000 1074 1058 Β
1096 997 1220 1058 mixtum

103 1100 319 1170 essecodicem
342 1101 517 1176 iudicamus,
540 1101 662 1178 triginta
677 1101 741 1161 fere
757 1101 831 1160 locis
854 1119 913 1160 non
934 1119 987 1159 cae
1010 1117 1046 1159 cx
1069 1118 1136 1160 msa
1158 1100 1221 1177 qni·

104 1195 169 1261 dem
192 1205 340 1263 sententia
366 1204 487 1281 probari
513 1206 640 1279 possunt
666 1203 817 1278 lectiones,
846 1220 922 1279 quas
945 1201 1025 1280 apud
1049 1203 1220 1278 ldmperium

103 1311 191 1380 atque
213 1307 293 1383 apud
314 1306 501 1366 Dindcrfinm
525 1307 701 1366 invenimus.
746 1306 829 1380 Quae
852 1324 919 1365 cum
942 1307 982 1366 ita
1005 1306 1071 1377 sint,
1095 1324 1160 1366 non¹
1178 1307 1221 1364 iu·

103 1415 201 1486 eptum
225 1427 290 1470 esse
314 1414 387 1485 puto
409 1410 579 1469 accuratius
603 1409 640 1469 de
662 1409 838 1468 ParisiuoB
861 1427 959 1484 agere.

185 1513 285 1588 Atque
312 1513 437 1588 primum
467 1511 585 1589 quidem
616 1512 825 1572 demonstrabo
855 1512 1069 1571 ParisinumB
1098 1512 1221 1570 mixtum

102 1632 166 1675 esse
182 1614 328 1689 codicem3
351 1614 460 1673 deinde
477 1632 548 1674 vero
572 1632 720 1691 exponam
743 1615 942 1690 archetypum
957 1613 1046 1672 huius
1061 1613 1128 1673 libri
1151 1612 1221 1672 clim

101 1721 131 1778 in
155 1717 336 1777 deteriorum
359 1717 492 1777 codicum
520 1735 643 1777 numero
671 1715 771 1788 fuisse,
802 1720 907 1792 postea
931 1720 1029 1782 autem
1057 1715 1095 1776 ad
1119 1717 1222 1775 arche·

1 1829 6 1852 '⁴
101 1826 204 1898 typum
226 1819 337 1880 codicis
354 1821 488 1880 Vaticani
504 1821 530 1880 V
550 1823 717 1880 correctum
732 1837 809 1896 esse,
832 1825 894 1879 tum
910 1818 1089 1895 diiudicabo,
1110 1823 1223 1896 quanta

2 1914 10 1969 i
100 1922 312 1984 anctoritasxsi
334 1921 493 1982 tribuenda
515 1923 563 1980 sit.

1 2085 3 2092 ,
186 2025 348 2083 Permultis
363 2023 445 2099 locis,
467 2024 517 2082 ubi
541 2024 678 2083 meliores
700 2023 774 2082 alias
797 2004 1067 2100 atqne'deteriores
1083 2022 1149 2082 libri
1173 2041 1223 2082 ex·

0 2137 13 2171 ’ῑ
100 2128 203 2188 hibent
231 2128 386 2206 lectiones,
416 2132 446 2186 et
475 2127 586 2187 codicis
609 2128 638 2184 M
669 2130 698 2186 et
726 2125 883 2186 codicisB
909 2126 1074 2203 scripturas
1103 2124 1222 2184 casdem

5 2255 9 2278 τ
101 2246 168 2288 esse
196 2228 338 2304 concedo,
368 2246 457 2304 quam
482 2229 604 2288 obrem
633 2227 763 2286 affinitas
790 2227 937 2302 quaedam
966 2228 1036 2304 quin
1064 2227 1142 2286 inter
1167 2226 1224 2287 hos

1 2333 5 2353 ³
101 2331 178 2391 duos
205 2335 302 2391 exstet
327 2331 425 2402 libros,
456 2331 578 2390 dubium
609 2349 669 2390 nou
697 2335 748 2390 est.
792 2330 858 2390 Hoc
883 2333 982 2388 autem
1013 2329 1223 2388 familiaritatis

1 2433 6 2488 {¹
100 2435 252 2494 vinculum
277 2453 336 2494 non
359 2439 418 2494 tam
434 2437 531 2493 artum
555 2432 625 2492 mihi
641 2433 760 2492 videtur
783 2450 857 2504 esse,
881 2436 914 2491 ut
935 2433 964 2492 in
981 2451 1043 2491 una
1058 2430 1222 2507 eademque

7 2583 10 2588 v
100 2537 212 2596 familia
234 2537 264 2596 hi
281 2537 400 2597 codices
423 2536 600 2596 numerandi
614 2537 687 2611 sint,
710 2554 814 2595 verum
838 2535 956 2594 duabus
979 2538 1132 2612 permotus
1154 2553 1223 2593 cau·

1 2659 5 2694 τ
99 2641 141 2698 sis
163 2657 338 2715 persuasum
361 2638 458 2699 habeo
487 2638 618 2699 codicem
640 2641 664 2699 B
692 2639 781 2698 etium
808 2657 874 2698 cum
898 2637 1095 2698 deterioribus
1119 2637 1224 2696 cohae—

4 2787 10 2795 .
98 2760 168 2802 rers
191 2742 281 2803 libris.

186 2846 262 2905 Nam
291 2845 416 2922 primum
445 2844 564 2920 quidem
593 2862 695 2904 omues
718 2843 837 2904 codices
860 2842 976 2914 Dionsi,
1004 2843 1028 2902 si
1055 2843 1223 2902 orationum

98 2950 272 3022 spectamus
295 2947 438 3023 ordinem,
460 2949 489 3006 iu
513 2947 572 3006 duc
595 2945 770 3007 secernendi
787 2956 857 3005 sunt
878 2964 999 3022 genera.
1044 2946 1077 3005 In
1099 2944 1224 3004 meliori-

96 3051 159 3108 bus
175 3051 251 3108 enim
269 3049 351 3110 libris
367 3049 444 3109 idem
461 3051 612 3109 invenitur
628 3049 711 3127 ordo,
727 3067 814 3126 quem
830 3049 965 3126 Photius,
980 3047 1032 3123 qui
1047 3049 1077 3107 in
1097 3047 1223 3120 „Biblio-

95 3151 205 3212 theca“
240 3153 344 3211 Dionis
374 3153 550 3211 mentionem
581 3152 666 3227 lecit,
695 3155 766 3210 ante
797 3150 899 3210 oculos
929 3149 1068 3209 habuisse
1096 3148 1224 3208 videtur.

96 3257 133 3315 ln
168 3254 364 3315 deterioribus
395 3259 494 3312 antem
527 3254 679 3313 codicibus
710 3253 861 3312 crationes
892 3253 921 3311 in
953 3250 1081 3312 cundem
1110 3250 1223 3311 redacti

1 3407 2 3410 ,
95 3362 173 3416 sunt
201 3356 344 3434 ordinem,
374 3375 461 3433 quem
494 3360 610 3416 uosmet
638 3356 668 3415 in
698 3355 878 3416 editionibus
907 3355 1121 3430 cognoscimus.
1165 3351 1222 3412 Sed

1 3509 5 3513 .
95 3477 169 3518 cum
192 3461 346 3519 Parisinus
361 3459 394 3536 B,
417 3477 503 3536 quem
527 3457 695 3533 Hilgersius
717 3457 890 3518 melioribus
905 3455 1047 3516 adscribit
1062 3455 1224 3531 codicibus,

94 3564 255 3639 conspiret
281 3563 310 3622 in
334 3581 370 3622 ca
392 3580 425 3620 rc
452 3580 519 3620 cum
543 3560 741 3621 deterioribus
765 3559 856 3634 libris,
882 3559 940 3620 hoc
967 3559 1031 3618 sine
1058 3558 1119 3617 ulla
1141 3556 1224 3616 dubi·

91 3666 214 3726 tatione
241 3668 368 3743 apparet
396 3664 564 3724 orationum
592 3663 724 3722 ordinem
752 3680 923 3738 repugnare
952 3660 1033 3720 docti
1061 3658 1141 3720 illius
1169 3659 1225 3718 viri

1 3789 2 3796 ¹
91 3768 276 3829 sententiae.

186 3870 254 3928 Huc
280 3867 405 3945 accedit,
434 3866 524 3944 quod,
555 3884 735 3943 quamquam
764 3865 935 3940 saepissime
961 3865 992 3922 in
1017 3861 1171 3922 codicibus
1196 3863 1224 3921 M

90 3976 128 4032 et
150 3971 176 4030 Β
198 3971 318 4031 eusdem
342 3970 443 4030 insunt
461 3968 612 4042 lectiones,
635 3967 790 4044 permultis
812 3971 913 4026 tamen
935 3966 1009 4025 locis
1032 3965 1106 4025 alter
1129 3964 1224 4025 codex

89 4075 226 4136 alteram
250 4073 369 4133 exhibet
390 4072 583 4148 scripturam3
607 4069 806 4146 nequeenim,
830 4069 854 4129 si
869 4067 1041 4128 accuratius
1057 4067 1124 4128 illos
1140 4067 1223 4127 locos

86 4174 277 4252 inspexeris,
305 4173 387 4234 dices
413 4173 468 4232 has
495 4170 713 4250 discrepantias
736 4189 839 4231 omnes
867 4188 904 4229 ex
927 4187 1008 4229 mero
1035 4168 1223 4228 librariorum

88 4296 205 4340 errore
228 4282 309 4338 ortas
331 4295 405 4338 esse.

188 4378 347 4442 Sufficiunt
370 4382 471 4440 autem
501 4378 671 4456 scripturas
701 4395 738 4436 ex
765 4375 867 4437 decem
895 4375 1012 4436 circiter
1040 4373 1225 4435 orationibus
