<?xml version="1.0" encoding="UTF-8"?>
<!DOCTYPE html PUBLIC "-//W3C//DTD XHTML 1.0 Transitional//EN"
    "http://www.w3.org/TR/xhtml1/DTD/xhtml1-transitional.dtd">
<html xmlns="http://www.w3.org/1999/xhtml" xml:lang="en" lang="en">
 <head>
  <title>
</title>
<meta http-equiv="Content-Type" content="text/html;charset=utf-8" />
  <meta name='ocr-system' content='tesseract 3.04.00' />
  <meta name='ocr-capabilities' content='ocr_page ocr_carea ocr_par ocr_line ocrx_word'/>
</head>
<body>
  <div class='ocr_page' id='page_1' title='image "./dedionischrysos00mahngoog_0035.png"; bbox 0 0 3216 5044; ppageno 0'>
   <div class='ocr_carea' id='block_1_1' title="bbox 406 433 447 493">
    <p class='ocr_par' dir='ltr' id='par_1_1' title="bbox 406 433 447 493">
     <span class='ocr_line' id='line_1_1' title="bbox 406 433 447 493; baseline 0 0"><span class='ocrx_word' id='word_1_1' title='bbox 406 433 447 493; x_wconf 87' lang='grc'><strong>28</strong></span> 
     </span>
    </p>
   </div>
   <div class='ocr_carea' id='block_1_2' title="bbox 405 598 1593 2707">
    <p class='ocr_par' dir='ltr' id='par_1_2' title="bbox 405 598 1593 2707">
     <span class='ocr_line' id='line_1_2' title="bbox 406 598 1521 681; baseline 0 -21"><span class='ocrx_word' id='word_1_2' title='bbox 406 604 506 660; x_wconf 85' lang='lat' dir='ltr'><strong>aetate</strong></span> <span class='ocrx_word' id='word_1_3' title='bbox 529 598 686 662; x_wconf 84' lang='lat' dir='ltr'><strong>deterioris</strong></span> <span class='ocrx_word' id='word_1_4' title='bbox 702 603 823 679; x_wconf 84' lang='lat' dir='ltr'><strong>generis</strong></span> <span class='ocrx_word' id='word_1_5' title='bbox 845 603 912 663; x_wconf 86' lang='lat' dir='ltr'><strong>libri</strong></span> <span class='ocrx_word' id='word_1_6' title='bbox 928 602 1120 681; x_wconf 76' lang='lat' dir='ltr'><strong>manuscripti</strong></span> <span class='ocrx_word' id='word_1_7' title='bbox 1143 602 1327 664; x_wconf 79' lang='lat' dir='ltr'><strong>indiversus</strong></span> <span class='ocrx_word' id='word_1_8' title='bbox 1347 602 1521 662; x_wconf 78' lang='lat' dir='ltr'><strong>distinxerint</strong></span> 
     </span>
     <span class='ocr_line' id='line_1_3' title="bbox 405 700 1522 782; baseline 0.003 -21"><span class='ocrx_word' id='word_1_9' title='bbox 405 702 540 762; x_wconf 80' lang='lat' dir='ltr'><strong>familias.</strong></span> <span class='ocrx_word' id='word_1_10' title='bbox 583 700 723 780; x_wconf 79' lang='lat' dir='ltr'><strong>Sonnyns</strong></span> <span class='ocrx_word' id='word_1_11' title='bbox 751 705 829 765; x_wconf 91' lang='lat' dir='ltr'><strong>enim</strong></span> <span class='ocrx_word' id='word_1_12' title='bbox 861 704 1058 782; x_wconf 83' lang='lat' dir='ltr'><strong>archetypum</strong></span> <span class='ocrx_word' id='word_1_13' title='bbox 1086 723 1186 766; x_wconf 93' lang='lat' dir='ltr'><strong>eorum</strong></span> <span class='ocrx_word' id='word_1_14' title='bbox 1215 705 1349 766; x_wconf 89' lang='lat' dir='ltr'><strong>codicum</strong></span> <span class='ocrx_word' id='word_1_15' title='bbox 1379 709 1522 764; x_wconf 86' lang='lat' dir='ltr'><strong>nonanto</strong></span> 
     </span>
     <span class='ocr_line' id='line_1_4' title="bbox 405 803 1522 884; baseline -0.001 -19"><span class='ocrx_word' id='word_1_16' title='bbox 405 806 515 865; x_wconf 83' lang='lat' dir='ltr'><strong>exitum</strong></span> <span class='ocrx_word' id='word_1_17' title='bbox 548 804 697 866; x_wconf 76' lang='lat' dir='ltr'><strong>undecimi</strong></span> <span class='ocrx_word' id='word_1_18' title='bbox 729 808 872 884; x_wconf 89' lang='lat' dir='ltr'><strong>seriptum</strong></span> <span class='ocrx_word' id='word_1_19' title='bbox 904 824 970 868; x_wconf 88' lang='lat' dir='ltr'><strong>csse</strong></span> <span class='ocrx_word' id='word_1_20' title='bbox 1002 809 1112 868; x_wconf 81' lang='lat' dir='ltr'><strong>sacculi</strong></span> <span class='ocrx_word' id='word_1_21' title='bbox 1146 811 1248 869; x_wconf 88' lang='lat' dir='ltr'><strong>censet</strong></span> <span class='ocrx_word' id='word_1_22' title='bbox 1278 808 1353 868; x_wconf 79' lang='lat' dir='ltr'><strong>hoec</strong></span> <span class='ocrx_word' id='word_1_23' title='bbox 1385 803 1522 873; x_wconf 77' lang='lat' dir='ltr'><strong>dicens¹tz</strong></span> 
     </span>
     <span class='ocr_line' id='line_1_5' title="bbox 409 907 1521 984; baseline 0.001 -17"><span class='ocrx_word' id='word_1_24' title='bbox 409 907 617 980; x_wconf 73' lang='lat' dir='ltr'><strong>„Stmmtliche</strong></span> <span class='ocrx_word' id='word_1_25' title='bbox 648 909 882 971; x_wconf 83' lang='lat' dir='ltr'><strong>Hundschriitcn</strong></span> <span class='ocrx_word' id='word_1_26' title='bbox 915 911 968 970; x_wconf 83' lang='lat' dir='ltr'><strong>der</strong></span> <span class='ocrx_word' id='word_1_27' title='bbox 998 914 1098 971; x_wconf 86' lang='lat' dir='ltr'><strong>ersten</strong></span> <span class='ocrx_word' id='word_1_28' title='bbox 1130 912 1238 972; x_wconf 85' lang='lat' dir='ltr'><strong>Kiusse</strong></span> <span class='ocrx_word' id='word_1_29' title='bbox 1270 907 1354 984; x_wconf 83' lang='lat' dir='ltr'><strong>(det)</strong></span> <span class='ocrx_word' id='word_1_30' title='bbox 1386 914 1521 969; x_wconf 83' lang='lat' dir='ltr'><strong>stummen</strong></span> 
     </span>
     <span class='ocr_line' id='line_1_6' title="bbox 406 1004 1522 1084; baseline 0.001 -14"><span class='ocrx_word' id='word_1_31' title='bbox 406 1009 506 1071; x_wconf 87' lang='lat' dir='ltr'><strong>dir&#39;ekt</strong></span> <span class='ocrx_word' id='word_1_32' title='bbox 528 1009 602 1072; x_wconf 88' lang='lat' dir='ltr'><strong>oder</strong></span> <span class='ocrx_word' id='word_1_33' title='bbox 623 1004 760 1073; x_wconf 86' lang='lat' dir='ltr'><strong>indirekt</strong></span> <span class='ocrx_word' id='word_1_34' title='bbox 787 1030 842 1073; x_wconf 85' lang='lat' dir='ltr'><strong>sus</strong></span> <span class='ocrx_word' id='word_1_35' title='bbox 869 1013 935 1073; x_wconf 90' lang='lat' dir='ltr'><strong>dem</strong></span> <span class='ocrx_word' id='word_1_36' title='bbox 958 1013 1052 1073; x_wconf 88' lang='lat' dir='ltr'><strong>codex</strong></span> <span class='ocrx_word' id='word_1_37' title='bbox 1077 1014 1205 1074; x_wconf 83' lang='lat' dir='ltr'><strong>Urbinas</strong></span> <span class='ocrx_word' id='word_1_38' title='bbox 1228 1017 1289 1074; x_wconf 89' lang='grc'><strong>124</strong></span> <span class='ocrx_word' id='word_1_39' title='bbox 1310 1013 1437 1084; x_wconf 68' lang='lat' dir='ltr'><strong>membr„</strong></span> <span class='ocrx_word' id='word_1_40' title='bbox 1458 1013 1522 1071; x_wconf 88' lang='lat' dir='ltr'><strong>wel·</strong></span> 
     </span>
     <span class='ocr_line' id='line_1_7' title="bbox 407 1112 1524 1195; baseline -0.002 -20"><span class='ocrx_word' id='word_1_41' title='bbox 407 1115 478 1175; x_wconf 90' lang='lat' dir='ltr'><strong>cher</strong></span> <span class='ocrx_word' id='word_1_42' title='bbox 500 1133 558 1175; x_wconf 91' lang='lat' dir='ltr'><strong>von</strong></span> <span class='ocrx_word' id='word_1_43' title='bbox 583 1115 677 1176; x_wconf 77' lang='lat' dir='ltr'><strong>Cobet</strong></span> <span class='ocrx_word' id='word_1_44' title='bbox 699 1113 751 1189; x_wconf 89' lang='lat' dir='ltr'><strong>(im</strong></span> <span class='ocrx_word' id='word_1_45' title='bbox 767 1115 897 1194; x_wconf 81' lang='lat' dir='ltr'>Anhang</span> <span class='ocrx_word' id='word_1_46' title='bbox 921 1134 975 1177; x_wconf 84' lang='lat' dir='ltr'><strong>nur</strong></span> <span class='ocrx_word' id='word_1_47' title='bbox 990 1116 1130 1193; x_wconf 79' lang='lat' dir='ltr'><strong>Ausgsbe</strong></span> <span class='ocrx_word' id='word_1_48' title='bbox 1152 1136 1211 1178; x_wconf 86' lang='lat' dir='ltr'><strong>von</strong></span> <span class='ocrx_word' id='word_1_49' title='bbox 1228 1112 1399 1195; x_wconf 78' lang='lat' dir='ltr'><strong>Emporius)</strong></span> <span class='ocrx_word' id='word_1_50' title='bbox 1422 1115 1524 1174; x_wconf 75' lang='lat' dir='ltr'><strong>fdlsch-</strong></span> 
     </span>
     <span class='ocr_line' id='line_1_8' title="bbox 406 1215 1525 1295; baseline 0 -19"><span class='ocrx_word' id='word_1_51' title='bbox 406 1215 465 1276; x_wconf 82' lang='lat' dir='ltr'><strong>licir</strong></span> <span class='ocrx_word' id='word_1_52' title='bbox 487 1216 517 1275; x_wconf 94' lang='lat' dir='ltr'><strong>in</strong></span> <span class='ocrx_word' id='word_1_53' title='bbox 539 1215 592 1275; x_wconf 81' lang='lat' dir='ltr'><strong>dus</strong></span> <span class='ocrx_word' id='word_1_54' title='bbox 610 1219 658 1277; x_wconf 87' lang='grc'><strong>14.</strong></span> <span class='ocrx_word' id='word_1_55' title='bbox 673 1216 879 1278; x_wconf 84' lang='lat' dir='ltr'><strong>Jahrhundert</strong></span> <span class='ocrx_word' id='word_1_56' title='bbox 898 1222 1013 1294; x_wconf 84' lang='lat' dir='ltr'><strong>gesetzt</strong></span> <span class='ocrx_word' id='word_1_57' title='bbox 1028 1216 1149 1279; x_wconf 85' lang='lat' dir='ltr'><strong>worden</strong></span> <span class='ocrx_word' id='word_1_58' title='bbox 1165 1218 1217 1295; x_wconf 83' lang='lat' dir='ltr'><strong>ist.</strong></span> <span class='ocrx_word' id='word_1_59' title='bbox 1261 1219 1317 1278; x_wconf 90' lang='lat' dir='ltr'><strong>Die</strong></span> <span class='ocrx_word' id='word_1_60' title='bbox 1333 1215 1525 1278; x_wconf 79' lang='lat' dir='ltr'><strong>Handschrift</strong></span> 
     </span>
     <span class='ocr_line' id='line_1_9' title="bbox 406 1318 1524 1397; baseline 0 -19"><span class='ocrx_word' id='word_1_61' title='bbox 406 1319 444 1378; x_wconf 87' lang='lat' dir='ltr'><strong>ist</strong></span> <span class='ocrx_word' id='word_1_62' title='bbox 459 1318 604 1378; x_wconf 86' lang='lat' dir='ltr'><strong>vielmehr</strong></span> <span class='ocrx_word' id='word_1_63' title='bbox 624 1319 721 1380; x_wconf 89' lang='lat' dir='ltr'><strong>sicher</strong></span> <span class='ocrx_word' id='word_1_64' title='bbox 741 1321 824 1380; x_wconf 89' lang='lat' dir='ltr'><strong>nicht</strong></span> <span class='ocrx_word' id='word_1_65' title='bbox 840 1320 954 1397; x_wconf 78' lang='lat' dir='ltr'><strong>jungor</strong></span> <span class='ocrx_word' id='word_1_66' title='bbox 974 1321 1018 1380; x_wconf 82' lang='lat' dir='ltr'><strong>uls</strong></span> <span class='ocrx_word' id='word_1_67' title='bbox 1039 1320 1093 1380; x_wconf 82' lang='lat' dir='ltr'><strong>dus</strong></span> <span class='ocrx_word' id='word_1_68' title='bbox 1111 1325 1158 1381; x_wconf 89' lang='grc'><strong>12.</strong></span> <span class='ocrx_word' id='word_1_69' title='bbox 1174 1319 1391 1381; x_wconf 82' lang='lat' dir='ltr'><strong>Jebrhundert.</strong></span> <span class='ocrx_word' id='word_1_70' title='bbox 1425 1319 1524 1378; x_wconf 84' lang='lat' dir='ltr'><strong>Wahr·</strong></span> 
     </span>
     <span class='ocr_line' id='line_1_10' title="bbox 406 1420 1527 1500; baseline 0.001 -19"><span class='ocrx_word' id='word_1_71' title='bbox 406 1420 567 1481; x_wconf 89' lang='lat' dir='ltr'><strong>scheinlich</strong></span> <span class='ocrx_word' id='word_1_72' title='bbox 597 1421 706 1500; x_wconf 85' lang='lat' dir='ltr'><strong>gehbrt</strong></span> <span class='ocrx_word' id='word_1_73' title='bbox 735 1423 777 1482; x_wconf 86' lang='lat' dir='ltr'><strong>sie</strong></span> <span class='ocrx_word' id='word_1_74' title='bbox 808 1423 886 1483; x_wconf 90' lang='lat' dir='ltr'><strong>noch</strong></span> <span class='ocrx_word' id='word_1_75' title='bbox 914 1424 944 1482; x_wconf 96' lang='lat' dir='ltr'><strong>in</strong></span> <span class='ocrx_word' id='word_1_76' title='bbox 968 1423 1022 1482; x_wconf 86' lang='lat' dir='ltr'><strong>dus</strong></span> <span class='ocrx_word' id='word_1_77' title='bbox 1044 1421 1142 1483; x_wconf 82' lang='lat' dir='ltr'><strong>elfte.“</strong></span> <span class='ocrx_word' id='word_1_78' title='bbox 1189 1424 1272 1483; x_wconf 83' lang='lat' dir='ltr'><strong>Haec</strong></span> <span class='ocrx_word' id='word_1_79' title='bbox 1294 1423 1444 1483; x_wconf 84' lang='lat' dir='ltr'><strong>sententia</strong></span> <span class='ocrx_word' id='word_1_80' title='bbox 1469 1441 1527 1482; x_wconf 93' lang='lat' dir='ltr'><strong>non</strong></span> 
     </span>
     <span class='ocr_line' id='line_1_11' title="bbox 406 1522 1527 1603; baseline 0.001 -20"><span class='ocrx_word' id='word_1_81' title='bbox 406 1528 489 1584; x_wconf 80' lang='lat' dir='ltr'><strong>rectu</strong></span> <span class='ocrx_word' id='word_1_82' title='bbox 512 1525 582 1583; x_wconf 93' lang='lat' dir='ltr'><strong>mihi</strong></span> <span class='ocrx_word' id='word_1_83' title='bbox 605 1522 725 1585; x_wconf 87' lang='lat' dir='ltr'><strong>videtur</strong></span> <span class='ocrx_word' id='word_1_84' title='bbox 752 1525 827 1602; x_wconf 86' lang='lat' dir='ltr'><strong>esse,</strong></span> <span class='ocrx_word' id='word_1_85' title='bbox 857 1529 1016 1602; x_wconf 83' lang='lat' dir='ltr'><strong>propterea</strong></span> <span class='ocrx_word' id='word_1_86' title='bbox 1046 1524 1127 1603; x_wconf 88' lang='lat' dir='ltr'><strong>quod</strong></span> <span class='ocrx_word' id='word_1_87' title='bbox 1158 1545 1217 1586; x_wconf 89' lang='lat' dir='ltr'><strong>uon</strong></span> <span class='ocrx_word' id='word_1_88' title='bbox 1246 1527 1340 1586; x_wconf 91' lang='lat' dir='ltr'><strong>solum</strong></span> <span class='ocrx_word' id='word_1_89' title='bbox 1367 1525 1527 1600; x_wconf 82' lang='lat' dir='ltr'><strong>permultae</strong></span> 
     </span>
     <span class='ocr_line' id='line_1_12' title="bbox 407 1626 1530 1705; baseline 0 -20"><span class='ocrx_word' id='word_1_90' title='bbox 407 1626 582 1703; x_wconf 76' lang='lat' dir='ltr'><strong>scripturae,</strong></span> <span class='ocrx_word' id='word_1_91' title='bbox 605 1627 691 1686; x_wconf 86' lang='lat' dir='ltr'><strong>sicuti</strong></span> <span class='ocrx_word' id='word_1_92' title='bbox 709 1628 738 1687; x_wconf 96' lang='lat' dir='ltr'><strong>in</strong></span> <span class='ocrx_word' id='word_1_93' title='bbox 754 1626 843 1688; x_wconf 81' lang='lat' dir='ltr'><strong>tertio</strong></span> <span class='ocrx_word' id='word_1_94' title='bbox 858 1631 944 1704; x_wconf 81' lang='lat' dir='ltr'><strong>purte</strong></span> <span class='ocrx_word' id='word_1_95' title='bbox 966 1627 1187 1705; x_wconf 79' lang='lat' dir='ltr'><strong>demonstrabo,</strong></span> <span class='ocrx_word' id='word_1_96' title='bbox 1209 1627 1332 1704; x_wconf 81' lang='lat' dir='ltr'><strong>Sonnyo</strong></span> <span class='ocrx_word' id='word_1_97' title='bbox 1354 1631 1530 1704; x_wconf 79' lang='lat' dir='ltr'><strong>repugnant,</strong></span> 
     </span>
     <span class='ocr_line' id='line_1_13' title="bbox 407 1729 1529 1807; baseline -0.001 -19"><span class='ocrx_word' id='word_1_98' title='bbox 407 1747 510 1789; x_wconf 86' lang='lat' dir='ltr'><strong>verum</strong></span> <span class='ocrx_word' id='word_1_99' title='bbox 542 1729 631 1788; x_wconf 85' lang='lat' dir='ltr'><strong>etium</strong></span> <span class='ocrx_word' id='word_1_100' title='bbox 662 1729 755 1806; x_wconf 91' lang='lat' dir='ltr'><strong>ipsius</strong></span> <span class='ocrx_word' id='word_1_101' title='bbox 782 1730 909 1790; x_wconf 85' lang='lat' dir='ltr'><strong>Parisini</strong></span> <span class='ocrx_word' id='word_1_102' title='bbox 932 1731 957 1789; x_wconf 93' lang='lat' dir='ltr'>B</span> <span class='ocrx_word' id='word_1_103' title='bbox 984 1731 1176 1807; x_wconf 79' lang='lat' dir='ltr'><strong>archetypus,</strong></span> <span class='ocrx_word' id='word_1_104' title='bbox 1204 1731 1281 1790; x_wconf 91' lang='lat' dir='ltr'><strong>liber</strong></span> <span class='ocrx_word' id='word_1_105' title='bbox 1303 1732 1355 1790; x_wconf 73' lang='lat'><strong>13².</strong></span> <span class='ocrx_word' id='word_1_106' title='bbox 1399 1731 1427 1790; x_wconf 89' lang='lat' dir='ltr'><strong>Is</strong></span> <span class='ocrx_word' id='word_1_107' title='bbox 1453 1729 1529 1788; x_wconf 91' lang='lat' dir='ltr'><strong>enim</strong></span> 
     </span>
     <span class='ocr_line' id='line_1_14' title="bbox 407 1829 1532 1908; baseline 0 -17"><span class='ocrx_word' id='word_1_108' title='bbox 407 1829 502 1891; x_wconf 86' lang='lat' dir='ltr'><strong>codex</strong></span> <span class='ocrx_word' id='word_1_109' title='bbox 525 1849 585 1891; x_wconf 93' lang='lat' dir='ltr'><strong>non</strong></span> <span class='ocrx_word' id='word_1_110' title='bbox 608 1837 678 1908; x_wconf 89' lang='lat' dir='ltr'><strong>post</strong></span> <span class='ocrx_word' id='word_1_111' title='bbox 692 1831 807 1892; x_wconf 89' lang='lat' dir='ltr'><strong>initium</strong></span> <span class='ocrx_word' id='word_1_112' title='bbox 830 1832 979 1892; x_wconf 90' lang='lat' dir='ltr'><strong>undecimi</strong></span> <span class='ocrx_word' id='word_1_113' title='bbox 995 1833 1107 1893; x_wconf 82' lang='lat' dir='ltr'><strong>saeculi</strong></span> <span class='ocrx_word' id='word_1_114' title='bbox 1130 1832 1167 1891; x_wconf 84' lang='lat' dir='ltr'><strong>ad</strong></span> <span class='ocrx_word' id='word_1_115' title='bbox 1188 1831 1356 1907; x_wconf 57' lang='lat' dir='ltr'><strong>codicem&amp;</strong></span> <span class='ocrx_word' id='word_1_116' title='bbox 1379 1834 1532 1892; x_wconf 87' lang='lat' dir='ltr'><strong>correctus</strong></span> 
     </span>
     <span class='ocr_line' id='line_1_15' title="bbox 407 1933 1533 2011; baseline -0.001 -19"><span class='ocrx_word' id='word_1_117' title='bbox 407 1939 464 2011; x_wconf 82' lang='lat' dir='ltr'><strong>est3</strong></span> <span class='ocrx_word' id='word_1_118' title='bbox 492 1935 650 2008; x_wconf 83' lang='lat' dir='ltr'><strong>praeterea</strong></span> <span class='ocrx_word' id='word_1_119' title='bbox 673 1935 772 1992; x_wconf 85' lang='lat' dir='ltr'><strong>autem</strong></span> <span class='ocrx_word' id='word_1_120' title='bbox 796 1936 958 2010; x_wconf 72' lang='lat' dir='ltr'><strong>caretate,</strong></span> <span class='ocrx_word' id='word_1_121' title='bbox 981 1952 1043 2011; x_wconf 80' lang='lat' dir='ltr'><strong>qus</strong></span> <span class='ocrx_word' id='word_1_122' title='bbox 1065 1934 1176 1992; x_wconf 85' lang='lat' dir='ltr'><strong>mixtus</strong></span> <span class='ocrx_word' id='word_1_123' title='bbox 1198 1933 1248 1993; x_wconf 87' lang='lat' dir='ltr'><strong>ilio</strong></span> <span class='ocrx_word' id='word_1_124' title='bbox 1272 1933 1367 1993; x_wconf 83' lang='lat' dir='ltr'><strong>codex</strong></span> <span class='ocrx_word' id='word_1_125' title='bbox 1386 1933 1425 1992; x_wconf 68' lang='lat' dir='ltr'><strong>B*</strong></span> <span class='ocrx_word' id='word_1_126' title='bbox 1448 1937 1533 1992; x_wconf 85' lang='lat' dir='ltr'><strong>ortus</strong></span> 
     </span>
     <span class='ocr_line' id='line_1_16' title="bbox 407 2033 1533 2112; baseline -0.001 -17"><span class='ocrx_word' id='word_1_127' title='bbox 407 2040 461 2110; x_wconf 89' lang='lat' dir='ltr'><strong>cst,</strong></span> <span class='ocrx_word' id='word_1_128' title='bbox 484 2033 649 2095; x_wconf 87' lang='lat' dir='ltr'><strong>deteriores</strong></span> <span class='ocrx_word' id='word_1_129' title='bbox 672 2035 740 2094; x_wconf 88' lang='lat' dir='ltr'><strong>iibri</strong></span> <span class='ocrx_word' id='word_1_130' title='bbox 763 2036 792 2095; x_wconf 93' lang='lat' dir='ltr'><strong>in</strong></span> <span class='ocrx_word' id='word_1_131' title='bbox 810 2035 945 2096; x_wconf 90' lang='lat' dir='ltr'><strong>diversos</strong></span> <span class='ocrx_word' id='word_1_132' title='bbox 965 2036 1021 2095; x_wconf 84' lang='lat' dir='ltr'><strong>iem</strong></span> <span class='ocrx_word' id='word_1_133' title='bbox 1044 2035 1237 2095; x_wconf 81' lang='lat' dir='ltr'><strong>diffluxerant</strong></span> <span class='ocrx_word' id='word_1_134' title='bbox 1252 2036 1375 2112; x_wconf 87' lang='lat' dir='ltr'><strong>rivulos,</strong></span> <span class='ocrx_word' id='word_1_135' title='bbox 1397 2034 1427 2094; x_wconf 92' lang='lat' dir='ltr'><strong>id</strong></span> <span class='ocrx_word' id='word_1_136' title='bbox 1451 2034 1533 2112; x_wconf 88' lang='lat' dir='ltr'><strong>quod</strong></span> 
     </span>
     <span class='ocr_line' id='line_1_17' title="bbox 406 2137 1534 2215; baseline 0 -19"><span class='ocrx_word' id='word_1_137' title='bbox 406 2138 476 2198; x_wconf 90' lang='lat' dir='ltr'><strong>inde</strong></span> <span class='ocrx_word' id='word_1_138' title='bbox 493 2137 656 2214; x_wconf 76' lang='lat' dir='ltr'><strong>cognoscis,</strong></span> <span class='ocrx_word' id='word_1_139' title='bbox 677 2137 768 2215; x_wconf 89' lang='lat' dir='ltr'><strong>qnod,</strong></span> <span class='ocrx_word' id='word_1_140' title='bbox 787 2138 874 2198; x_wconf 87' lang='lat' dir='ltr'><strong>sicuti</strong></span> <span class='ocrx_word' id='word_1_141' title='bbox 889 2138 919 2198; x_wconf 94' lang='lat' dir='ltr'><strong>in</strong></span> <span class='ocrx_word' id='word_1_142' title='bbox 935 2139 1024 2198; x_wconf 85' lang='lat' dir='ltr'><strong>tertia</strong></span> <span class='ocrx_word' id='word_1_143' title='bbox 1040 2137 1255 2198; x_wconf 75' lang='lat' dir='ltr'><strong>dissertationis</strong></span> <span class='ocrx_word' id='word_1_144' title='bbox 1271 2143 1359 2215; x_wconf 83' lang='lat' dir='ltr'><strong>parte</strong></span> <span class='ocrx_word' id='word_1_145' title='bbox 1375 2156 1534 2215; x_wconf 79' lang='lat' dir='ltr'><strong>exponam,</strong></span> 
     </span>
     <span class='ocr_line' id='line_1_18' title="bbox 408 2238 1534 2317; baseline 0.001 -18"><span class='ocrx_word' id='word_1_146' title='bbox 408 2239 504 2301; x_wconf 86' lang='lat' dir='ltr'><strong>codex</strong></span> <span class='ocrx_word' id='word_1_147' title='bbox 529 2241 567 2298; x_wconf 74' lang='lat'><strong>13²</strong></span> <span class='ocrx_word' id='word_1_148' title='bbox 594 2241 664 2300; x_wconf 89' lang='lat' dir='ltr'><strong>oiim</strong></span> <span class='ocrx_word' id='word_1_149' title='bbox 694 2241 787 2300; x_wconf 77' lang='lat' dir='ltr'><strong>artius</strong></span> <span class='ocrx_word' id='word_1_150' title='bbox 817 2259 883 2300; x_wconf 94' lang='lat' dir='ltr'><strong>cum</strong></span> <span class='ocrx_word' id='word_1_151' title='bbox 915 2240 1066 2301; x_wconf 91' lang='lat' dir='ltr'><strong>codicibus</strong></span> <span class='ocrx_word' id='word_1_152' title='bbox 1096 2238 1282 2301; x_wconf 82' lang='lat' dir='ltr'><strong>ParisinoA</strong></span> <span class='ocrx_word' id='word_1_153' title='bbox 1313 2244 1404 2317; x_wconf 82' lang='lat' dir='ltr'><strong>utque</strong></span> <span class='ocrx_word' id='word_1_154' title='bbox 1431 2242 1534 2300; x_wconf 86' lang='lat' dir='ltr'><strong>Mona·</strong></span> 
     </span>
     <span class='ocr_line' id='line_1_19' title="bbox 408 2339 1535 2419; baseline 0.003 -21"><span class='ocrx_word' id='word_1_155' title='bbox 408 2340 491 2400; x_wconf 93' lang='lat' dir='ltr'><strong>censi</strong></span> <span class='ocrx_word' id='word_1_156' title='bbox 515 2339 540 2401; x_wconf 92' lang='lat'>0</span> <span class='ocrx_word' id='word_1_157' title='bbox 568 2341 746 2400; x_wconf 89' lang='lat' dir='ltr'><strong>coniunctus</strong></span> <span class='ocrx_word' id='word_1_158' title='bbox 773 2344 838 2400; x_wconf 81' lang='lat' dir='ltr'><strong>erat</strong></span> <span class='ocrx_word' id='word_1_159' title='bbox 866 2360 955 2419; x_wconf 84' lang='lat' dir='ltr'><strong>quam</strong></span> <span class='ocrx_word' id='word_1_160' title='bbox 984 2360 1050 2401; x_wconf 93' lang='lat' dir='ltr'><strong>cum</strong></span> <span class='ocrx_word' id='word_1_161' title='bbox 1074 2340 1219 2402; x_wconf 83' lang='lat' dir='ltr'><strong>Urbinete</strong></span> <span class='ocrx_word' id='word_1_162' title='bbox 1240 2342 1276 2402; x_wconf 90' lang='lat' dir='ltr'><strong>U.</strong></span> <span class='ocrx_word' id='word_1_163' title='bbox 1320 2341 1364 2400; x_wconf 82' lang='lat' dir='ltr'><strong>Es</strong></span> <span class='ocrx_word' id='word_1_164' title='bbox 1386 2341 1479 2417; x_wconf 87' lang='lat' dir='ltr'><strong>igitur</strong></span> <span class='ocrx_word' id='word_1_165' title='bbox 1502 2358 1535 2401; x_wconf 90' lang='lat' dir='ltr'><strong>re</strong></span> 
     </span>
     <span class='ocr_line' id='line_1_20' title="bbox 408 2441 1593 2520; baseline -0.001 -19"><span class='ocrx_word' id='word_1_166' title='bbox 408 2442 629 2502; x_wconf 85' lang='lat' dir='ltr'><strong>demonstratur</strong></span> <span class='ocrx_word' id='word_1_167' title='bbox 665 2442 846 2504; x_wconf 89' lang='lat' dir='ltr'><strong>deteriorum</strong></span> <span class='ocrx_word' id='word_1_168' title='bbox 879 2443 1012 2504; x_wconf 92' lang='lat' dir='ltr'><strong>codicum</strong></span> <span class='ocrx_word' id='word_1_169' title='bbox 1046 2444 1243 2520; x_wconf 84' lang='lat' dir='ltr'><strong>archetypum</strong></span> <span class='ocrx_word' id='word_1_170' title='bbox 1279 2449 1349 2504; x_wconf 83' lang='lat' dir='ltr'><strong>ante</strong></span> <span class='ocrx_word' id='word_1_171' title='bbox 1383 2441 1535 2502; x_wconf 86' lang='lat' dir='ltr'><strong>undecimi</strong></span> <span class='ocrx_word' id='word_1_172' title='bbox 1592 2459 1593 2464; x_wconf 50' lang='lat'>¹</span> 
     </span>
     <span class='ocr_line' id='line_1_21' title="bbox 408 2543 1538 2623; baseline 0 -20"><span class='ocrx_word' id='word_1_173' title='bbox 408 2543 519 2604; x_wconf 83' lang='lat' dir='ltr'><strong>saeculi</strong></span> <span class='ocrx_word' id='word_1_174' title='bbox 541 2545 654 2604; x_wconf 90' lang='lat' dir='ltr'><strong>initium</strong></span> <span class='ocrx_word' id='word_1_175' title='bbox 679 2548 777 2606; x_wconf 84' lang='lat' dir='ltr'><strong>ortum</strong></span> <span class='ocrx_word' id='word_1_176' title='bbox 800 2563 875 2622; x_wconf 90' lang='lat' dir='ltr'><strong>esse,</strong></span> <span class='ocrx_word' id='word_1_177' title='bbox 898 2564 986 2623; x_wconf 80' lang='lat' dir='ltr'><strong>quam</strong></span> <span class='ocrx_word' id='word_1_178' title='bbox 1010 2546 1048 2606; x_wconf 95' lang='lat' dir='ltr'><strong>ob</strong></span> <span class='ocrx_word' id='word_1_179' title='bbox 1071 2563 1132 2606; x_wconf 93' lang='lat' dir='ltr'><strong>rem</strong></span> <span class='ocrx_word' id='word_1_180' title='bbox 1155 2545 1268 2622; x_wconf 83' lang='lat' dir='ltr'><strong>Sonnyi</strong></span> <span class='ocrx_word' id='word_1_181' title='bbox 1285 2544 1434 2606; x_wconf 79' lang='lat' dir='ltr'><strong>sententia</strong></span> <span class='ocrx_word' id='word_1_182' title='bbox 1457 2544 1538 2604; x_wconf 82' lang='lat' dir='ltr'><strong>falsa</strong></span> 
     </span>
     <span class='ocr_line' id='line_1_22' title="bbox 408 2645 629 2707; baseline 0 -3"><span class='ocrx_word' id='word_1_183' title='bbox 408 2646 478 2706; x_wconf 89' lang='lat' dir='ltr'><strong>mihi</strong></span> <span class='ocrx_word' id='word_1_184' title='bbox 502 2645 629 2707; x_wconf 84' lang='lat' dir='ltr'><strong>viderur.</strong></span> 
     </span>
    </p>
   </div>
   <div class='ocr_carea' id='block_1_3' title="bbox 407 2867 1594 3774">
    <p class='ocr_par' dir='ltr' id='par_1_3' title="bbox 407 2867 1594 3774">
     <span class='ocr_line' id='line_1_23' title="bbox 494 2867 1594 2945; baseline 0 -18"><span class='ocrx_word' id='word_1_185' title='bbox 494 2868 588 2945; x_wconf 85' lang='lat' dir='ltr'><strong>Venio</strong></span> <span class='ocrx_word' id='word_1_186' title='bbox 619 2885 698 2927; x_wconf 94' lang='lat' dir='ltr'><strong>nnnc</strong></span> <span class='ocrx_word' id='word_1_187' title='bbox 728 2867 766 2926; x_wconf 81' lang='lat' dir='ltr'><strong>ad</strong></span> <span class='ocrx_word' id='word_1_188' title='bbox 797 2867 916 2927; x_wconf 85' lang='lat' dir='ltr'><strong>tertium</strong></span> <span class='ocrx_word' id='word_1_189' title='bbox 945 2867 1035 2928; x_wconf 93' lang='lat' dir='ltr'><strong>huius</strong></span> <span class='ocrx_word' id='word_1_190' title='bbox 1066 2870 1190 2930; x_wconf 82' lang='lat' dir='ltr'><strong>atterius</strong></span> <span class='ocrx_word' id='word_1_191' title='bbox 1218 2868 1313 2945; x_wconf 80' lang='lat' dir='ltr'><strong>partis</strong></span> <span class='ocrx_word' id='word_1_192' title='bbox 1342 2867 1451 2938; x_wconf 90' lang='lat' dir='ltr'><strong>locum,</strong></span> <span class='ocrx_word' id='word_1_193' title='bbox 1488 2868 1542 2927; x_wconf 90' lang='lat' dir='ltr'><strong>ubi</strong></span> <span class='ocrx_word' id='word_1_194' title='bbox 1593 2911 1594 2920; x_wconf 27' lang='lat'>¹</span> 
     </span>
     <span class='ocr_line' id='line_1_24' title="bbox 408 2968 1542 3048; baseline -0.002 -16"><span class='ocrx_word' id='word_1_195' title='bbox 408 2971 590 3048; x_wconf 88' lang='lat' dir='ltr'><strong>disserimus,</strong></span> <span class='ocrx_word' id='word_1_196' title='bbox 606 2986 684 3047; x_wconf 79' lang='lat' dir='ltr'><strong>quae</strong></span> <span class='ocrx_word' id='word_1_197' title='bbox 698 2970 862 3029; x_wconf 83' lang='lat' dir='ltr'><strong>auctoritas</strong></span> <span class='ocrx_word' id='word_1_198' title='bbox 879 2970 972 3030; x_wconf 89' lang='lat' dir='ltr'><strong>codici</strong></span> <span class='ocrx_word' id='word_1_199' title='bbox 989 2971 1125 3032; x_wconf 80' lang='lat' dir='ltr'><strong>Parisino</strong></span> <span class='ocrx_word' id='word_1_200' title='bbox 1141 2972 1165 3030; x_wconf 91' lang='lat' dir='ltr'>B</span> <span class='ocrx_word' id='word_1_201' title='bbox 1182 2968 1341 3030; x_wconf 81' lang='lat' dir='ltr'><strong>tribuendo</strong></span> <span class='ocrx_word' id='word_1_202' title='bbox 1356 2970 1403 3029; x_wconf 91' lang='lat' dir='ltr'><strong>sit.</strong></span> <span class='ocrx_word' id='word_1_203' title='bbox 1433 2969 1542 3030; x_wconf 93' lang='lat' dir='ltr'><strong>Omni·</strong></span> 
     </span>
     <span class='ocr_line' id='line_1_25' title="bbox 407 3071 1545 3135; baseline -0.001 -2"><span class='ocrx_word' id='word_1_204' title='bbox 407 3075 480 3135; x_wconf 90' lang='lat' dir='ltr'><strong>locis</strong></span> <span class='ocrx_word' id='word_1_205' title='bbox 502 3076 600 3134; x_wconf 92' lang='lat' dir='ltr'><strong>utrum</strong></span> <span class='ocrx_word' id='word_1_206' title='bbox 624 3072 819 3132; x_wconf 78' lang='lat' dir='ltr'><strong>ParisinnsB</strong></span> <span class='ocrx_word' id='word_1_207' title='bbox 843 3071 1024 3133; x_wconf 84' lang='lat' dir='ltr'><strong>deteriorum</strong></span> <span class='ocrx_word' id='word_1_208' title='bbox 1041 3072 1177 3134; x_wconf 90' lang='lat' dir='ltr'><strong>codicum</strong></span> <span class='ocrx_word' id='word_1_209' title='bbox 1197 3073 1341 3133; x_wconf 85' lang='lat' dir='ltr'><strong>lectiones</strong></span> <span class='ocrx_word' id='word_1_210' title='bbox 1364 3074 1545 3132; x_wconf 86' lang='lat' dir='ltr'><strong>servaverit</strong></span> 
     </span>
     <span class='ocr_line' id='line_1_26' title="bbox 408 3173 1546 3251; baseline -0.003 -14"><span class='ocrx_word' id='word_1_211' title='bbox 408 3196 447 3237; x_wconf 83' lang='lat' dir='ltr'><strong>an</strong></span> <span class='ocrx_word' id='word_1_212' title='bbox 470 3174 508 3235; x_wconf 87' lang='lat' dir='ltr'><strong>ad</strong></span> <span class='ocrx_word' id='word_1_213' title='bbox 532 3174 684 3234; x_wconf 88' lang='lat' dir='ltr'><strong>meliorum</strong></span> <span class='ocrx_word' id='word_1_214' title='bbox 701 3173 833 3234; x_wconf 89' lang='lat' dir='ltr'><strong>ecdicum</strong></span> <span class='ocrx_word' id='word_1_215' title='bbox 858 3180 1012 3235; x_wconf 88' lang='lat' dir='ltr'><strong>correctus</strong></span> <span class='ocrx_word' id='word_1_216' title='bbox 1027 3175 1066 3235; x_wconf 89' lang='lat' dir='ltr'><strong>sit</strong></span> <span class='ocrx_word' id='word_1_217' title='bbox 1087 3174 1238 3251; x_wconf 77' lang='lat' dir='ltr'><strong>familiam,</strong></span> <span class='ocrx_word' id='word_1_218' title='bbox 1261 3191 1338 3251; x_wconf 80' lang='lat' dir='ltr'><strong>quae</strong></span> <span class='ocrx_word' id='word_1_219' title='bbox 1361 3187 1443 3233; x_wconf 89' lang='lat' dir='ltr'><strong>nunc</strong></span> <span class='ocrx_word' id='word_1_220' title='bbox 1471 3193 1546 3234; x_wconf 88' lang='lat' dir='ltr'><strong>con·</strong></span> 
     </span>
     <span class='ocr_line' id='line_1_27' title="bbox 407 3275 1548 3350; baseline -0.004 -9"><span class='ocrx_word' id='word_1_221' title='bbox 407 3284 465 3341; x_wconf 81' lang='lat' dir='ltr'><strong>stat</strong></span> <span class='ocrx_word' id='word_1_222' title='bbox 492 3297 530 3338; x_wconf 84' lang='lat' dir='ltr'><strong>ex</strong></span> <span class='ocrx_word' id='word_1_223' title='bbox 557 3277 641 3337; x_wconf 90' lang='lat' dir='ltr'><strong>libris</strong></span> <span class='ocrx_word' id='word_1_224' title='bbox 665 3277 736 3350; x_wconf 86' lang='lat' dir='ltr'><strong>MV,</strong></span> <span class='ocrx_word' id='word_1_225' title='bbox 766 3277 1156 3338; x_wconf 79' lang='lat' dir='ltr'><strong>accuratediiudicundum</strong></span> <span class='ocrx_word' id='word_1_226' title='bbox 1184 3282 1238 3337; x_wconf 82' lang='lat' dir='ltr'><strong>est</strong></span> <span class='ocrx_word' id='word_1_227' title='bbox 1287 3277 1363 3335; x_wconf 82' lang='lat' dir='ltr'><strong>Num</strong></span> <span class='ocrx_word' id='word_1_228' title='bbox 1391 3276 1416 3335; x_wconf 93' lang='lat' dir='ltr'><strong>si</strong></span> <span class='ocrx_word' id='word_1_229' title='bbox 1446 3275 1548 3336; x_wconf 92' lang='lat' dir='ltr'><strong>huius</strong></span> 
     </span>
     <span class='ocr_line' id='line_1_28' title="bbox 408 3377 1549 3458; baseline -0.005 -14"><span class='ocrx_word' id='word_1_230' title='bbox 408 3382 519 3444; x_wconf 86' lang='lat' dir='ltr'><strong>codicis</strong></span> <span class='ocrx_word' id='word_1_231' title='bbox 541 3383 708 3458; x_wconf 88' lang='lat' dir='ltr'><strong>scripturae</strong></span> <span class='ocrx_word' id='word_1_232' title='bbox 736 3381 859 3442; x_wconf 80' lang='lat' dir='ltr'><strong>eaedem</strong></span> <span class='ocrx_word' id='word_1_233' title='bbox 882 3386 953 3441; x_wconf 84' lang='lat' dir='ltr'><strong>sunt</strong></span> <span class='ocrx_word' id='word_1_234' title='bbox 982 3384 1075 3457; x_wconf 85' lang='lat' dir='ltr'><strong>atque</strong></span> <span class='ocrx_word' id='word_1_235' title='bbox 1102 3379 1281 3448; x_wconf 88' lang='lat' dir='ltr'><strong>deteriorum</strong></span> <span class='ocrx_word' id='word_1_236' title='bbox 1309 3377 1457 3437; x_wconf 86' lang='lat' dir='ltr'><strong>librorum</strong></span> <span class='ocrx_word' id='word_1_237' title='bbox 1493 3385 1549 3440; x_wconf 82' lang='lat' dir='ltr'><strong>unt</strong></span> 
     </span>
     <span class='ocr_line' id='line_1_29' title="bbox 407 3480 1549 3559; baseline -0.004 -13"><span class='ocrx_word' id='word_1_238' title='bbox 407 3484 546 3546; x_wconf 87' lang='lat' dir='ltr'><strong>editionis</strong></span> <span class='ocrx_word' id='word_1_239' title='bbox 562 3486 704 3556; x_wconf 81' lang='lat' dir='ltr'><strong>Venetae,</strong></span> <span class='ocrx_word' id='word_1_240' title='bbox 732 3503 792 3545; x_wconf 89' lang='lat' dir='ltr'><strong>non</strong></span> <span class='ocrx_word' id='word_1_241' title='bbox 815 3488 861 3544; x_wconf 90' lang='lat' dir='ltr'><strong>est</strong></span> <span class='ocrx_word' id='word_1_242' title='bbox 883 3483 1088 3559; x_wconf 85' lang='lat' dir='ltr'><strong>dubitandum,</strong></span> <span class='ocrx_word' id='word_1_243' title='bbox 1115 3483 1187 3559; x_wconf 91' lang='lat' dir='ltr'><strong>quin</strong></span> <span class='ocrx_word' id='word_1_244' title='bbox 1210 3481 1268 3541; x_wconf 88' lang='lat' dir='ltr'><strong>iliis</strong></span> <span class='ocrx_word' id='word_1_245' title='bbox 1291 3481 1364 3540; x_wconf 91' lang='lat' dir='ltr'><strong>locis</strong></span> <span class='ocrx_word' id='word_1_246' title='bbox 1391 3480 1500 3542; x_wconf 88' lang='lat' dir='ltr'><strong>codici</strong></span> <span class='ocrx_word' id='word_1_247' title='bbox 1526 3484 1549 3541; x_wconf 91' lang='lat' dir='ltr'><strong>B</strong></span> 
     </span>
     <span class='ocr_line' id='line_1_30' title="bbox 407 3583 1550 3663; baseline -0.003 -15"><span class='ocrx_word' id='word_1_248' title='bbox 407 3587 513 3648; x_wconf 82' lang='lat' dir='ltr'><strong>eedem</strong></span> <span class='ocrx_word' id='word_1_249' title='bbox 543 3586 702 3647; x_wconf 82' lang='lat' dir='ltr'><strong>tribuenda</strong></span> <span class='ocrx_word' id='word_1_250' title='bbox 730 3589 768 3647; x_wconf 90' lang='lat' dir='ltr'><strong>sit</strong></span> <span class='ocrx_word' id='word_1_251' title='bbox 797 3587 960 3647; x_wconf 83' lang='lat' dir='ltr'><strong>auctoritas</strong></span> <span class='ocrx_word' id='word_1_252' title='bbox 991 3591 1082 3663; x_wconf 82' lang='lat' dir='ltr'><strong>atque</strong></span> <span class='ocrx_word' id='word_1_253' title='bbox 1112 3586 1154 3644; x_wconf 93' lang='lat' dir='ltr'><strong>illi</strong></span> <span class='ocrx_word' id='word_1_254' title='bbox 1184 3584 1365 3643; x_wconf 87' lang='lat' dir='ltr'><strong>deteriorum</strong></span> <span class='ocrx_word' id='word_1_255' title='bbox 1395 3583 1550 3644; x_wconf 86' lang='lat' dir='ltr'><strong>codicum</strong></span> 
     </span>
     <span class='ocr_line' id='line_1_31' title="bbox 408 3687 1551 3774; baseline -0.002 -23"><span class='ocrx_word' id='word_1_256' title='bbox 408 3691 520 3768; x_wconf 88' lang='lat' dir='ltr'><strong>generi.</strong></span> <span class='ocrx_word' id='word_1_257' title='bbox 565 3689 665 3774; x_wconf 84' lang='lat' dir='ltr'><strong>Habes</strong></span> <span class='ocrx_word' id='word_1_258' title='bbox 689 3691 816 3766; x_wconf 84' lang='lat' dir='ltr'><strong>exempli</strong></span> <span class='ocrx_word' id='word_1_259' title='bbox 832 3690 929 3766; x_wconf 79' lang='lat' dir='ltr'><strong>gratio</strong></span> <span class='ocrx_word' id='word_1_260' title='bbox 952 3689 1007 3748; x_wconf 91' lang='lat' dir='ltr'><strong>hos</strong></span> <span class='ocrx_word' id='word_1_261' title='bbox 1021 3689 1118 3748; x_wconf 91' lang='lat' dir='ltr'><strong>locos:</strong></span> <span class='ocrx_word' id='word_1_262' title='bbox 1145 3688 1241 3747; x_wconf 83' lang='lat' dir='ltr'><strong>oratio</strong></span> <span class='ocrx_word' id='word_1_263' title='bbox 1262 3687 1304 3745; x_wconf 85' lang='lat'><strong>11:</strong></span> <span class='ocrx_word' id='word_1_264' title='bbox 1328 3688 1420 3762; x_wconf 90' lang='lat'><strong>11,1:</strong></span> <span class='ocrx_word' id='word_1_265' title='bbox 1446 3687 1551 3749; x_wconf 87' lang='lat' dir='ltr'><strong>BNO</strong></span> 
     </span>
    </p>
   </div>
   <div class='ocr_carea' id='block_1_4' title="bbox 406 3776 1555 4184">
    <p class='ocr_par' dir='ltr' id='par_1_4' title="bbox 406 3776 1555 4184">
     <span class='ocr_line' id='line_1_32' title="bbox 406 3776 1553 3871; baseline -0.003 -21"><span class='ocrx_word' id='word_1_266' title='bbox 406 3785 522 3871; x_wconf 78' lang='grc' dir='ltr'><em>μέντοι</em></span> <span class='ocrx_word' id='word_1_267' title='bbox 543 3778 683 3871; x_wconf 78' lang='grc' dir='ltr'><em>Ὅμηρος</em></span> <span class='ocrx_word' id='word_1_268' title='bbox 709 3788 830 3865; x_wconf 74' lang='grc' dir='ltr'><strong>ποιῶν,</strong></span> <span class='ocrx_word' id='word_1_269' title='bbox 862 3793 919 3854; x_wconf 82' lang='grc' dir='ltr'><strong>ΟΜ</strong></span> <span class='ocrx_word' id='word_1_270' title='bbox 946 3785 1062 3869; x_wconf 82' lang='grc' dir='ltr'><em>μέντοι</em></span> <span class='ocrx_word' id='word_1_271' title='bbox 1090 3787 1201 3849; x_wconf 77' lang='grc' dir='ltr'><em>ποιῶν</em></span> <span class='ocrx_word' id='word_1_272' title='bbox 1221 3776 1374 3867; x_wconf 83' lang='grc' dir='ltr'><em>Ὅμηρος;</em></span> <span class='ocrx_word' id='word_1_273' title='bbox 1409 3793 1469 3867; x_wconf 85' lang='grc'><strong>33,</strong></span> <span class='ocrx_word' id='word_1_274' title='bbox 1497 3795 1553 3851; x_wconf 83' lang='grc' dir='ltr'><strong>1οε</strong></span> 
     </span>
     <span class='ocr_line' id='line_1_33' title="bbox 407 3880 1553 3976; baseline -0.006 -19"><span class='ocrx_word' id='word_1_275' title='bbox 407 3899 465 3958; x_wconf 84' lang='grc' dir='ltr'><strong>ΒΝ</strong></span> <span class='ocrx_word' id='word_1_276' title='bbox 474 3896 499 3958; x_wconf 93' lang='grc' dir='ltr'>Ο</span> <span class='ocrx_word' id='word_1_277' title='bbox 526 3887 635 3976; x_wconf 80' lang='grc' dir='ltr'><em>μόνην</em></span> <span class='ocrx_word' id='word_1_278' title='bbox 656 3890 813 3955; x_wconf 76' lang='grc' dir='ltr'><strong><em>κατέλιπε</em></strong></span> <span class='ocrx_word' id='word_1_279' title='bbox 840 3886 904 3973; x_wconf 79' lang='grc' dir='ltr'><strong>τὴν</strong></span> <span class='ocrx_word' id='word_1_280' title='bbox 932 3887 1044 3954; x_wconf 78' lang='grc' dir='ltr'><strong><em>οἰκίαν</em></strong></span> <span class='ocrx_word' id='word_1_281' title='bbox 1069 3880 1131 3974; x_wconf 81' lang='grc' dir='ltr'><strong>τὴν</strong></span> <span class='ocrx_word' id='word_1_282' title='bbox 1153 3886 1296 3965; x_wconf 81' lang='grc' dir='ltr'><strong>ἐκείνου,</strong></span> <span class='ocrx_word' id='word_1_283' title='bbox 1326 3892 1384 3953; x_wconf 81' lang='grc' dir='ltr'><strong>ΟΜ</strong></span> <span class='ocrx_word' id='word_1_284' title='bbox 1406 3923 1456 3932; x_wconf 93' lang='lat'><strong>—-</strong></span> <span class='ocrx_word' id='word_1_285' title='bbox 1484 3884 1553 3972; x_wconf 83' lang='grc' dir='ltr'><strong>τὴν</strong></span> 
     </span>
     <span class='ocr_line' id='line_1_34' title="bbox 408 3983 1555 4077; baseline -0.005 -17"><span class='ocrx_word' id='word_1_286' title='bbox 408 3993 519 4060; x_wconf 80' lang='grc' dir='ltr'><strong><em>οἰκίαν</em></strong></span> <span class='ocrx_word' id='word_1_287' title='bbox 542 3992 685 4075; x_wconf 74' lang='grc' dir='ltr'><strong>ἐκείνου,</strong></span> <span class='ocrx_word' id='word_1_288' title='bbox 719 4004 768 4076; x_wconf 85' lang='grc'><strong>59,</strong></span> <span class='ocrx_word' id='word_1_289' title='bbox 784 4006 816 4061; x_wconf 87' lang='lat'><strong>3:</strong></span> <span class='ocrx_word' id='word_1_290' title='bbox 839 4001 896 4060; x_wconf 83' lang='grc' dir='ltr'><strong>ΒΝ</strong></span> <span class='ocrx_word' id='word_1_291' title='bbox 903 3998 928 4060; x_wconf 93' lang='grc'><strong>0</strong></span> <span class='ocrx_word' id='word_1_292' title='bbox 950 3993 1128 4077; x_wconf 81' lang='grc' dir='ltr'><em>πρέπουσα</em></span> <span class='ocrx_word' id='word_1_293' title='bbox 1150 3993 1192 4072; x_wconf 71' lang='grc' dir='ltr'><strong>τῇ</strong></span> <span class='ocrx_word' id='word_1_294' title='bbox 1213 3983 1415 4072; x_wconf 76' lang='grc' dir='ltr'><strong><em>Λυκούργου</em></strong></span> <span class='ocrx_word' id='word_1_295' title='bbox 1441 3994 1555 4055; x_wconf 77' lang='grc' dir='ltr'><em>πολι-</em></span> 
     </span>
     <span class='ocr_line' id='line_1_35' title="bbox 408 4091 1555 4184; baseline -0.006 -22"><span class='ocrx_word' id='word_1_296' title='bbox 408 4097 480 4184; x_wconf 79' lang='grc' dir='ltr'><strong><em>τείᾳ</em></strong></span> <span class='ocrx_word' id='word_1_297' title='bbox 503 4097 652 4174; x_wconf 81' lang='grc' dir='ltr'><em>καὶτοῖς</em></span> <span class='ocrx_word' id='word_1_298' title='bbox 674 4092 931 4182; x_wconf 79' lang='grc' dir='ltr'><strong><em>ἐπιτηδεύμασιν</em></strong></span> <span class='ocrx_word' id='word_1_299' title='bbox 954 4094 1096 4172; x_wconf 80' lang='grc' dir='ltr'><strong>ἐκείνου,</strong></span> <span class='ocrx_word' id='word_1_300' title='bbox 1120 4100 1179 4161; x_wconf 84' lang='lat' dir='ltr'><strong>GM</strong></span> <span class='ocrx_word' id='word_1_301' title='bbox 1195 4129 1237 4140; x_wconf 91' lang='lat'>-</span> <span class='ocrx_word' id='word_1_302' title='bbox 1252 4091 1400 4167; x_wconf 77' lang='grc' dir='ltr'><strong><em>ἐκείνοις.</em></strong></span> <span class='ocrx_word' id='word_1_303' title='bbox 1425 4132 1480 4142; x_wconf 95' lang='lat'><em>-</em></span> <span class='ocrx_word' id='word_1_304' title='bbox 1510 4117 1555 4159; x_wconf 90' lang='lat' dir='ltr'><strong>or.</strong></span> 
     </span>
    </p>
   </div>
   <div class='ocr_carea' id='block_1_5' title="bbox 409 4185 1555 4286">
    <p class='ocr_par' dir='ltr' id='par_1_5' title="bbox 409 4185 1555 4286">
     <span class='ocr_line' id='line_1_36' title="bbox 409 4185 1555 4286; baseline -0.003 -20"><span class='ocrx_word' id='word_1_305' title='bbox 409 4208 500 4286; x_wconf 74' lang='lat' dir='ltr'><strong>vul,</strong></span> <span class='ocrx_word' id='word_1_306' title='bbox 515 4211 547 4269; x_wconf 88' lang='lat'><strong>3:</strong></span> <span class='ocrx_word' id='word_1_307' title='bbox 570 4207 626 4266; x_wconf 87' lang='lat' dir='ltr'><strong>BN</strong></span> <span class='ocrx_word' id='word_1_308' title='bbox 651 4198 686 4265; x_wconf 80' lang='grc' dir='ltr'><strong>δὲ</strong></span> <span class='ocrx_word' id='word_1_309' title='bbox 701 4191 942 4285; x_wconf 80' lang='grc' dir='ltr'><strong>τὸνἩρακλέα,</strong></span> <span class='ocrx_word' id='word_1_310' title='bbox 966 4206 1024 4266; x_wconf 83' lang='lat' dir='ltr'><strong>OM</strong></span> <span class='ocrx_word' id='word_1_311' title='bbox 1048 4196 1083 4263; x_wconf 77' lang='grc' dir='ltr'><strong>δὲ</strong></span> <span class='ocrx_word' id='word_1_312' title='bbox 1096 4185 1267 4282; x_wconf 79' lang='grc' dir='ltr'><strong><em>Ἡρακλέα.</em></strong></span> <span class='ocrx_word' id='word_1_313' title='bbox 1287 4231 1330 4242; x_wconf 96' lang='grc'>-</span> <span class='ocrx_word' id='word_1_314' title='bbox 1353 4219 1396 4261; x_wconf 90' lang='lat' dir='ltr'><strong>or.</strong></span> <span class='ocrx_word' id='word_1_315' title='bbox 1412 4201 1482 4262; x_wconf 85' lang='lat' dir='ltr'><strong>VII</strong></span> <span class='ocrx_word' id='word_1_316' title='bbox 1503 4206 1555 4272; x_wconf 79' lang='grc'><strong>27,</strong></span> 
     </span>
    </p>
   </div>
   <div class='ocr_carea' id='block_1_6' title="bbox 409 4341 612 4350">
    <p class='ocr_par' dir='ltr' id='par_1_6' title="bbox 409 4341 612 4350">
     <span class='ocr_line' id='line_1_37' title="bbox 409 4341 612 4350; baseline -0.015 0"><span class='ocrx_word' id='word_1_317' title='bbox 409 4341 612 4350; x_wconf 75' lang='grc'><strong>--</strong></span> 
     </span>
    </p>
   </div>
   <div class='ocr_carea' id='block_1_7' title="bbox 496 4404 690 4473">
    <p class='ocr_par' dir='ltr' id='par_1_7' title="bbox 496 4404 690 4473">
     <span class='ocr_line' id='line_1_38' title="bbox 496 4404 690 4473; baseline 0 -15"><span class='ocrx_word' id='word_1_318' title='bbox 496 4407 516 4472; x_wconf 82' lang='lat'><strong>¹)</strong></span> <span class='ocrx_word' id='word_1_319' title='bbox 537 4404 555 4460; x_wconf 89' lang='lat' dir='ltr'><strong>r.</strong></span> <span class='ocrx_word' id='word_1_320' title='bbox 569 4419 592 4459; x_wconf 74' lang='grc' dir='ltr'><strong>ο.</strong></span> <span class='ocrx_word' id='word_1_321' title='bbox 608 4420 636 4473; x_wconf 80' lang='lat' dir='ltr'><strong>p.</strong></span> <span class='ocrx_word' id='word_1_322' title='bbox 649 4407 690 4458; x_wconf 79' lang='lat' dir='ltr'><strong>es.</strong></span> 
     </span>
    </p>
   </div>
   <div class='ocr_carea' id='block_1_8' title="bbox 0 0 1616 5044">
    <p class='ocr_par' dir='ltr' id='par_1_8' title="bbox 0 0 1616 5044">
     <span class='ocr_line' id='line_1_39' title="bbox 0 0 1616 5044; baseline 0 0"><span class='ocrx_word' id='word_1_323' title='bbox 0 0 1616 5044; x_wconf 95' lang='lat' dir='ltr'><strong> </strong></span> 
     </span>
    </p>
   </div>
  </div>
 </body>
</html>
