<?xml version="1.0" encoding="UTF-8"?>
<!DOCTYPE html PUBLIC "-//W3C//DTD XHTML 1.0 Transitional//EN"
    "http://www.w3.org/TR/xhtml1/DTD/xhtml1-transitional.dtd">
<html xmlns="http://www.w3.org/1999/xhtml" xml:lang="en" lang="en">
 <head>
  <title>
</title>
<meta http-equiv="Content-Type" content="text/html;charset=utf-8" />
  <meta name='ocr-system' content='tesseract 3.04.00' />
  <meta name='ocr-capabilities' content='ocr_page ocr_carea ocr_par ocr_line ocrx_word'/>
</head>
<body>
  <div class='ocr_page' id='page_1' title='image "./dedionischrysos00mahngoog_0061.png"; bbox 0 0 3216 5044; ppageno 0'>
   <div class='ocr_carea' id='block_1_1' title="bbox 367 425 409 483">
    <p class='ocr_par' dir='ltr' id='par_1_1' title="bbox 367 425 409 483">
     <span class='ocr_line' id='line_1_1' title="bbox 367 425 409 483; baseline 0 0"><span class='ocrx_word' id='word_1_1' title='bbox 367 425 409 483; x_wconf 82' lang='lat'><strong>54</strong></span> 
     </span>
    </p>
   </div>
   <div class='ocr_carea' id='block_1_2' title="bbox 364 589 1497 2614">
    <p class='ocr_par' dir='ltr' id='par_1_2' title="bbox 364 589 1490 1063">
     <span class='ocr_line' id='line_1_2' title="bbox 364 589 1487 669; baseline 0 -19"><span class='ocrx_word' id='word_1_2' title='bbox 364 593 460 669; x_wconf 88' lang='lat' dir='ltr'><strong>parte,</strong></span> <span class='ocrx_word' id='word_1_3' title='bbox 487 589 553 650; x_wconf 91' lang='lat' dir='ltr'><strong>dico</strong></span> <span class='ocrx_word' id='word_1_4' title='bbox 575 589 739 668; x_wconf 84' lang='lat' dir='ltr'><strong>praecipue</strong></span> <span class='ocrx_word' id='word_1_5' title='bbox 760 589 876 650; x_wconf 80' lang='lat' dir='ltr'><strong>litteras</strong></span> <span class='ocrx_word' id='word_1_6' title='bbox 898 607 910 648; x_wconf 91' lang='grc' dir='ltr'><strong><em>ι</em></strong></span> <span class='ocrx_word' id='word_1_7' title='bbox 933 593 963 650; x_wconf 92' lang='lat' dir='ltr'><strong>et</strong></span> <span class='ocrx_word' id='word_1_8' title='bbox 983 605 1021 666; x_wconf 77' lang='grc' dir='ltr'><strong>π;</strong></span> <span class='ocrx_word' id='word_1_9' title='bbox 1049 592 1246 651; x_wconf 71' lang='lat' dir='ltr'><strong>atramentum</strong></span> <span class='ocrx_word' id='word_1_10' title='bbox 1271 593 1371 650; x_wconf 89' lang='lat' dir='ltr'><strong>autem</strong></span> <span class='ocrx_word' id='word_1_11' title='bbox 1394 592 1487 667; x_wconf 81' lang='lat' dir='ltr'><strong>magis</strong></span> 
     </span>
     <span class='ocr_line' id='line_1_3' title="bbox 366 691 1490 771; baseline 0.001 -18"><span class='ocrx_word' id='word_1_12' title='bbox 366 693 482 770; x_wconf 83' lang='lat' dir='ltr'><strong>nigrum</strong></span> <span class='ocrx_word' id='word_1_13' title='bbox 505 696 551 753; x_wconf 89' lang='lat' dir='ltr'><strong>est</strong></span> <span class='ocrx_word' id='word_1_14' title='bbox 577 711 667 771; x_wconf 86' lang='lat' dir='ltr'><strong>quam</strong></span> <span class='ocrx_word' id='word_1_15' title='bbox 690 692 799 753; x_wconf 88' lang='lat' dir='ltr'><strong>ceteris</strong></span> <span class='ocrx_word' id='word_1_16' title='bbox 819 692 901 752; x_wconf 85' lang='lat' dir='ltr'><strong>locis.</strong></span> <span class='ocrx_word' id='word_1_17' title='bbox 945 691 1020 752; x_wconf 91' lang='lat' dir='ltr'><strong>Inde</strong></span> <span class='ocrx_word' id='word_1_18' title='bbox 1042 697 1169 770; x_wconf 87' lang='lat' dir='ltr'><strong>apparet</strong></span> <span class='ocrx_word' id='word_1_19' title='bbox 1194 697 1310 770; x_wconf 90' lang='lat' dir='ltr'><strong>septem</strong></span> <span class='ocrx_word' id='word_1_20' title='bbox 1331 692 1399 752; x_wconf 90' lang='lat' dir='ltr'><strong>illas</strong></span> <span class='ocrx_word' id='word_1_21' title='bbox 1422 694 1490 754; x_wconf 91' lang='lat' dir='ltr'><strong>Dio·</strong></span> 
     </span>
     <span class='ocr_line' id='line_1_4' title="bbox 366 793 1489 872; baseline -0.001 -17"><span class='ocrx_word' id='word_1_22' title='bbox 366 796 413 855; x_wconf 90' lang='lat' dir='ltr'><strong>nis</strong></span> <span class='ocrx_word' id='word_1_23' title='bbox 436 795 587 856; x_wconf 88' lang='lat' dir='ltr'><strong>orationes</strong></span> <span class='ocrx_word' id='word_1_24' title='bbox 615 813 633 854; x_wconf 90' lang='lat' dir='ltr'><strong>a</strong></span> <span class='ocrx_word' id='word_1_25' title='bbox 656 793 775 854; x_wconf 92' lang='lat' dir='ltr'><strong>duobus</strong></span> <span class='ocrx_word' id='word_1_26' title='bbox 798 794 925 872; x_wconf 88' lang='lat' dir='ltr'><strong>scriptas</strong></span> <span class='ocrx_word' id='word_1_27' title='bbox 947 811 1014 854; x_wconf 86' lang='lat' dir='ltr'><strong>esse</strong></span> <span class='ocrx_word' id='word_1_28' title='bbox 1038 794 1181 870; x_wconf 82' lang='lat' dir='ltr'><strong>librariis3</strong></span> <span class='ocrx_word' id='word_1_29' title='bbox 1206 794 1245 854; x_wconf 90' lang='lat' dir='ltr'><strong>ad</strong></span> <span class='ocrx_word' id='word_1_30' title='bbox 1268 793 1489 854; x_wconf 84' lang='lat' dir='ltr'><strong>diiudicandum</strong></span> 
     </span>
     <span class='ocr_line' id='line_1_5' title="bbox 367 896 1490 976; baseline 0 -18"><span class='ocrx_word' id='word_1_31' title='bbox 367 901 466 958; x_wconf 90' lang='lat' dir='ltr'><strong>autem</strong></span> <span class='ocrx_word' id='word_1_32' title='bbox 483 898 687 976; x_wconf 88' lang='lat' dir='ltr'><strong>quaestionem</strong></span> <span class='ocrx_word' id='word_1_33' title='bbox 709 916 786 975; x_wconf 87' lang='lat' dir='ltr'><strong>quae</strong></span> <span class='ocrx_word' id='word_1_34' title='bbox 802 899 965 959; x_wconf 88' lang='lat' dir='ltr'><strong>auctoritas</strong></span> <span class='ocrx_word' id='word_1_35' title='bbox 981 896 1077 957; x_wconf 91' lang='lat' dir='ltr'><strong>codici</strong></span> <span class='ocrx_word' id='word_1_36' title='bbox 1092 898 1121 957; x_wconf 87' lang='lat' dir='ltr'>N</span> <span class='ocrx_word' id='word_1_37' title='bbox 1136 896 1297 959; x_wconf 90' lang='lat' dir='ltr'><strong>tribuenda</strong></span> <span class='ocrx_word' id='word_1_38' title='bbox 1312 898 1358 974; x_wconf 87' lang='lat' dir='ltr'><strong>sit,</strong></span> <span class='ocrx_word' id='word_1_39' title='bbox 1380 898 1490 958; x_wconf 91' lang='lat' dir='ltr'><strong>nullius</strong></span> 
     </span>
     <span class='ocr_line' id='line_1_6' title="bbox 367 1001 639 1063; baseline -0.004 -2"><span class='ocrx_word' id='word_1_40' title='bbox 367 1001 397 1061; x_wconf 92' lang='lat' dir='ltr'><strong>id</strong></span> <span class='ocrx_word' id='word_1_41' title='bbox 420 1005 465 1062; x_wconf 88' lang='lat' dir='ltr'><strong>est</strong></span> <span class='ocrx_word' id='word_1_42' title='bbox 489 1002 639 1063; x_wconf 81' lang='lat' dir='ltr'><strong>momenti.</strong></span> 
     </span>
    </p>

    <p class='ocr_par' dir='ltr' id='par_1_3' title="bbox 367 1098 1495 1799">
     <span class='ocr_line' id='line_1_7' title="bbox 453 1098 1493 1179; baseline -0.003 -14"><span class='ocrx_word' id='word_1_43' title='bbox 453 1103 556 1165; x_wconf 78' lang='lat' dir='ltr'><strong>Codex</strong></span> <span class='ocrx_word' id='word_1_44' title='bbox 584 1102 774 1164; x_wconf 77' lang='lat' dir='ltr'><strong>Monacensis</strong></span> <span class='ocrx_word' id='word_1_45' title='bbox 794 1106 835 1164; x_wconf 79' lang='lat'><strong>59</strong></span> <span class='ocrx_word' id='word_1_46' title='bbox 858 1098 908 1179; x_wconf 86' lang='lat'><strong>(0)</strong></span> <span class='ocrx_word' id='word_1_47' title='bbox 937 1105 983 1164; x_wconf 88' lang='lat' dir='ltr'><strong>est</strong></span> <span class='ocrx_word' id='word_1_48' title='bbox 1011 1102 1188 1162; x_wconf 76' lang='lat' dir='ltr'><strong>chartaceus</strong></span> <span class='ocrx_word' id='word_1_49' title='bbox 1218 1104 1323 1162; x_wconf 86' lang='lat' dir='ltr'><strong>charta</strong></span> <span class='ocrx_word' id='word_1_50' title='bbox 1350 1103 1433 1163; x_wconf 87' lang='lat' dir='ltr'><strong>tenui</strong></span> <span class='ocrx_word' id='word_1_51' title='bbox 1463 1107 1493 1163; x_wconf 92' lang='lat' dir='ltr'><strong>et</strong></span> 
     </span>
     <span class='ocr_line' id='line_1_8' title="bbox 368 1203 1493 1284; baseline -0.001 -18"><span class='ocrx_word' id='word_1_52' title='bbox 368 1206 509 1284; x_wconf 85' lang='lat' dir='ltr'><strong>levigata,</strong></span> <span class='ocrx_word' id='word_1_53' title='bbox 539 1205 647 1267; x_wconf 87' lang='lat' dir='ltr'><strong>litteris</strong></span> <span class='ocrx_word' id='word_1_54' title='bbox 674 1209 815 1266; x_wconf 89' lang='lat' dir='ltr'><strong>exaratus</strong></span> <span class='ocrx_word' id='word_1_55' title='bbox 847 1204 967 1266; x_wconf 88' lang='lat' dir='ltr'><strong>minutis</strong></span> <span class='ocrx_word' id='word_1_56' title='bbox 998 1208 1029 1265; x_wconf 85' lang='lat' dir='ltr'><strong>et</strong></span> <span class='ocrx_word' id='word_1_57' title='bbox 1056 1203 1165 1283; x_wconf 89' lang='lat' dir='ltr'><strong>nitidis,</strong></span> <span class='ocrx_word' id='word_1_58' title='bbox 1193 1205 1285 1265; x_wconf 84' lang='lat' dir='ltr'><strong>variis</strong></span> <span class='ocrx_word' id='word_1_59' title='bbox 1313 1204 1493 1266; x_wconf 86' lang='lat' dir='ltr'><strong>lectionibus</strong></span> 
     </span>
     <span class='ocr_line' id='line_1_9' title="bbox 368 1307 1492 1387; baseline -0.002 -17"><span class='ocrx_word' id='word_1_60' title='bbox 368 1309 584 1387; x_wconf 78' lang='lat' dir='ltr'><strong>marginalibus</strong></span> <span class='ocrx_word' id='word_1_61' title='bbox 611 1311 749 1385; x_wconf 89' lang='lat' dir='ltr'><strong>ornatus,</strong></span> <span class='ocrx_word' id='word_1_62' title='bbox 779 1308 910 1386; x_wconf 88' lang='lat' dir='ltr'><strong>scriptus</strong></span> <span class='ocrx_word' id='word_1_63' title='bbox 939 1327 957 1367; x_wconf 89' lang='lat' dir='ltr'><strong>a</strong></span> <span class='ocrx_word' id='word_1_64' title='bbox 983 1307 1128 1368; x_wconf 85' lang='lat' dir='ltr'><strong>Michaele</strong></span> <span class='ocrx_word' id='word_1_65' title='bbox 1156 1307 1300 1368; x_wconf 85' lang='lat' dir='ltr'><strong>Maleensi</strong></span> <span class='ocrx_word' id='word_1_66' title='bbox 1329 1307 1492 1385; x_wconf 80' lang='lat' dir='ltr'><strong>Epidaurio</strong></span> 
     </span>
     <span class='ocr_line' id='line_1_10' title="bbox 368 1408 1494 1482; baseline -0.004 -9"><span class='ocrx_word' id='word_1_67' title='bbox 368 1411 538 1473; x_wconf 85' lang='lat' dir='ltr'><strong>Florentiae</strong></span> <span class='ocrx_word' id='word_1_68' title='bbox 568 1411 690 1471; x_wconf 86' lang='lat' dir='ltr'><strong>saeculo</strong></span> <span class='ocrx_word' id='word_1_69' title='bbox 717 1410 950 1482; x_wconf 85' lang='lat' dir='ltr'><strong>sextodecimo,</strong></span> <span class='ocrx_word' id='word_1_70' title='bbox 978 1412 1121 1471; x_wconf 72' lang='lat' dir='ltr'><strong>cenetam</strong></span> <span class='ocrx_word' id='word_1_71' title='bbox 1148 1408 1226 1470; x_wconf 83' lang='lat' dir='ltr'><strong>loliis</strong></span> <span class='ocrx_word' id='word_1_72' title='bbox 1250 1412 1320 1472; x_wconf 84' lang='lat'>389.</span> <span class='ocrx_word' id='word_1_73' title='bbox 1365 1411 1494 1470; x_wconf 81' lang='lat' dir='ltr'><strong>Exstant</strong></span> 
     </span>
     <span class='ocr_line' id='line_1_11' title="bbox 367 1511 1493 1591; baseline -0.001 -16"><span class='ocrx_word' id='word_1_74' title='bbox 367 1515 399 1575; x_wconf 89' lang='lat' dir='ltr'><strong>in</strong></span> <span class='ocrx_word' id='word_1_75' title='bbox 422 1533 457 1575; x_wconf 91' lang='lat' dir='ltr'><strong>eo</strong></span> <span class='ocrx_word' id='word_1_76' title='bbox 484 1517 606 1591; x_wconf 89' lang='lat' dir='ltr'><strong>praeter</strong></span> <span class='ocrx_word' id='word_1_77' title='bbox 628 1516 696 1574; x_wconf 91' lang='lat' dir='ltr'><strong>octo</strong></span> <span class='ocrx_word' id='word_1_78' title='bbox 727 1513 854 1573; x_wconf 90' lang='lat' dir='ltr'><strong>aliorum</strong></span> <span class='ocrx_word' id='word_1_79' title='bbox 878 1512 1056 1590; x_wconf 90' lang='lat' dir='ltr'><strong>scriptorum</strong></span> <span class='ocrx_word' id='word_1_80' title='bbox 1084 1529 1176 1589; x_wconf 89' lang='lat' dir='ltr'><strong>opera</strong></span> <span class='ocrx_word' id='word_1_81' title='bbox 1204 1511 1272 1572; x_wconf 91' lang='lat' dir='ltr'><strong>iude</strong></span> <span class='ocrx_word' id='word_1_82' title='bbox 1296 1532 1315 1572; x_wconf 86' lang='lat' dir='ltr'><strong>a</strong></span> <span class='ocrx_word' id='word_1_83' title='bbox 1338 1512 1409 1572; x_wconf 87' lang='lat' dir='ltr'><strong>folio</strong></span> <span class='ocrx_word' id='word_1_84' title='bbox 1432 1515 1493 1574; x_wconf 87' lang='grc'><strong>168</strong></span> 
     </span>
     <span class='ocr_line' id='line_1_12' title="bbox 369 1602 1495 1694; baseline -0.006 -16"><span class='ocrx_word' id='word_1_85' title='bbox 369 1634 465 1694; x_wconf 86' lang='lat' dir='ltr'><strong>usque</strong></span> <span class='ocrx_word' id='word_1_86' title='bbox 488 1615 527 1676; x_wconf 90' lang='lat' dir='ltr'><strong>ad</strong></span> <span class='ocrx_word' id='word_1_87' title='bbox 547 1619 625 1676; x_wconf 78' lang='lat'>210:</span> <span class='ocrx_word' id='word_1_88' title='bbox 654 1608 786 1685; x_wconf 78' lang='grc' dir='ltr'><em>Δίωνος</em></span> <span class='ocrx_word' id='word_1_89' title='bbox 811 1610 874 1673; x_wconf 84' lang='grc' dir='ltr'><strong>τοῦ</strong></span> <span class='ocrx_word' id='word_1_90' title='bbox 900 1602 1135 1694; x_wconf 83' lang='grc' dir='ltr'><strong><em>χρυσοστόμου</em></strong></span> <span class='ocrx_word' id='word_1_91' title='bbox 1162 1603 1336 1693; x_wconf 82' lang='grc' dir='ltr'><strong><em>ῥητορικαὶ</em></strong></span> <span class='ocrx_word' id='word_1_92' title='bbox 1359 1607 1495 1692; x_wconf 81' lang='grc' dir='ltr'><strong><em>μελέται</em></strong></span> 
     </span>
     <span class='ocr_line' id='line_1_13' title="bbox 368 1712 645 1799; baseline -0.014 -19"><span class='ocrx_word' id='word_1_93' title='bbox 368 1714 446 1799; x_wconf 78' lang='grc' dir='ltr'><strong>περὶ</strong></span> <span class='ocrx_word' id='word_1_94' title='bbox 469 1712 645 1792; x_wconf 73' lang='grc' dir='ltr'><strong><em>βασιλείας.</em></strong></span> 
     </span>
    </p>

    <p class='ocr_par' dir='ltr' id='par_1_4' title="bbox 369 1818 1497 2614">
     <span class='ocr_line' id='line_1_14' title="bbox 455 1818 1495 1897; baseline -0.004 -15"><span class='ocrx_word' id='word_1_95' title='bbox 455 1823 518 1882; x_wconf 91' lang='lat' dir='ltr'><strong>Hos</strong></span> <span class='ocrx_word' id='word_1_96' title='bbox 540 1821 617 1882; x_wconf 89' lang='lat' dir='ltr'><strong>duos</strong></span> <span class='ocrx_word' id='word_1_97' title='bbox 639 1819 758 1881; x_wconf 87' lang='lat' dir='ltr'><strong>codices</strong></span> <span class='ocrx_word' id='word_1_98' title='bbox 787 1821 946 1896; x_wconf 80' lang='lat' dir='ltr'><strong>Emporias</strong></span> <span class='ocrx_word' id='word_1_99' title='bbox 972 1821 1037 1881; x_wconf 89' lang='lat' dir='ltr'><strong>iure</strong></span> <span class='ocrx_word' id='word_1_100' title='bbox 1065 1818 1206 1880; x_wconf 87' lang='lat' dir='ltr'><strong>deteriori</strong></span> <span class='ocrx_word' id='word_1_101' title='bbox 1229 1818 1367 1881; x_wconf 90' lang='lat' dir='ltr'><strong>codicum</strong></span> <span class='ocrx_word' id='word_1_102' title='bbox 1389 1822 1495 1897; x_wconf 85' lang='lat' dir='ltr'><strong>generi</strong></span> 
     </span>
     <span class='ocr_line' id='line_1_15' title="bbox 369 1921 1496 2001; baseline -0.003 -17"><span class='ocrx_word' id='word_1_103' title='bbox 369 1924 523 1996; x_wconf 75' lang='lat' dir='ltr'><strong>adscribIt,</strong></span> <span class='ocrx_word' id='word_1_104' title='bbox 550 1921 633 2001; x_wconf 91' lang='lat' dir='ltr'><strong>quod</strong></span> <span class='ocrx_word' id='word_1_105' title='bbox 655 1926 685 1982; x_wconf 91' lang='lat' dir='ltr'><strong>et</strong></span> <span class='ocrx_word' id='word_1_106' title='bbox 707 1922 862 2000; x_wconf 89' lang='lat' dir='ltr'><strong>permultis</strong></span> <span class='ocrx_word' id='word_1_107' title='bbox 885 1922 958 1982; x_wconf 92' lang='lat' dir='ltr'><strong>locis</strong></span> <span class='ocrx_word' id='word_1_108' title='bbox 981 1939 1084 1983; x_wconf 89' lang='lat' dir='ltr'><strong>eorum</strong></span> <span class='ocrx_word' id='word_1_109' title='bbox 1107 1922 1273 2000; x_wconf 86' lang='lat' dir='ltr'><strong>scripturae</strong></span> <span class='ocrx_word' id='word_1_110' title='bbox 1296 1939 1364 1981; x_wconf 90' lang='lat' dir='ltr'><strong>cum</strong></span> <span class='ocrx_word' id='word_1_111' title='bbox 1387 1922 1496 1982; x_wconf 89' lang='lat' dir='ltr'><strong>ceteris</strong></span> 
     </span>
     <span class='ocr_line' id='line_1_16' title="bbox 369 2022 1495 2104; baseline -0.005 -16"><span class='ocrx_word' id='word_1_112' title='bbox 369 2027 459 2089; x_wconf 85' lang='lat' dir='ltr'><strong>huius</strong></span> <span class='ocrx_word' id='word_1_113' title='bbox 480 2025 600 2104; x_wconf 81' lang='lat' dir='ltr'><strong>generis</strong></span> <span class='ocrx_word' id='word_1_114' title='bbox 624 2024 708 2084; x_wconf 89' lang='lat' dir='ltr'><strong>libris</strong></span> <span class='ocrx_word' id='word_1_115' title='bbox 730 2024 821 2102; x_wconf 86' lang='lat' dir='ltr'><strong>plane</strong></span> <span class='ocrx_word' id='word_1_116' title='bbox 844 2028 1016 2101; x_wconf 82' lang='lat' dir='ltr'><strong>congruunt</strong></span> <span class='ocrx_word' id='word_1_117' title='bbox 1037 2028 1068 2084; x_wconf 90' lang='lat' dir='ltr'><strong>et</strong></span> <span class='ocrx_word' id='word_1_118' title='bbox 1089 2022 1167 2084; x_wconf 90' lang='lat' dir='ltr'><strong>idem</strong></span> <span class='ocrx_word' id='word_1_119' title='bbox 1183 2024 1350 2084; x_wconf 87' lang='lat' dir='ltr'><strong>orationum</strong></span> <span class='ocrx_word' id='word_1_120' title='bbox 1367 2023 1440 2084; x_wconf 90' lang='lat' dir='ltr'><strong>ordo</strong></span> <span class='ocrx_word' id='word_1_121' title='bbox 1463 2026 1495 2083; x_wconf 88' lang='lat' dir='ltr'><strong>in</strong></span> 
     </span>
     <span class='ocr_line' id='line_1_17' title="bbox 370 2124 1496 2204; baseline -0.004 -14"><span class='ocrx_word' id='word_1_122' title='bbox 370 2130 414 2191; x_wconf 92' lang='lat' dir='ltr'><strong>eis</strong></span> <span class='ocrx_word' id='word_1_123' title='bbox 435 2129 585 2189; x_wconf 87' lang='lat' dir='ltr'><strong>invenitur</strong></span> <span class='ocrx_word' id='word_1_124' title='bbox 607 2132 699 2204; x_wconf 88' lang='lat' dir='ltr'><strong>atque</strong></span> <span class='ocrx_word' id='word_1_125' title='bbox 714 2128 745 2187; x_wconf 91' lang='lat' dir='ltr'><strong>in</strong></span> <span class='ocrx_word' id='word_1_126' title='bbox 761 2126 828 2187; x_wconf 91' lang='lat' dir='ltr'><strong>illis.</strong></span> <span class='ocrx_word' id='word_1_127' title='bbox 872 2124 983 2188; x_wconf 88' lang='lat' dir='ltr'><strong>Omnes</strong></span> <span class='ocrx_word' id='word_1_128' title='bbox 1005 2127 1096 2186; x_wconf 91' lang='lat' dir='ltr'><strong>huius</strong></span> <span class='ocrx_word' id='word_1_129' title='bbox 1113 2125 1270 2187; x_wconf 88' lang='lat' dir='ltr'><strong>deterioris</strong></span> <span class='ocrx_word' id='word_1_130' title='bbox 1285 2127 1405 2203; x_wconf 85' lang='lat' dir='ltr'><strong>generis</strong></span> <span class='ocrx_word' id='word_1_131' title='bbox 1427 2127 1496 2186; x_wconf 89' lang='lat' dir='ltr'><strong>libri</strong></span> 
     </span>
     <span class='ocr_line' id='line_1_18' title="bbox 370 2227 1495 2307; baseline -0.004 -14"><span class='ocrx_word' id='word_1_132' title='bbox 370 2250 460 2292; x_wconf 90' lang='lat' dir='ltr'><strong>mauu</strong></span> <span class='ocrx_word' id='word_1_133' title='bbox 490 2231 593 2307; x_wconf 89' lang='lat' dir='ltr'><strong>scripti</strong></span> <span class='ocrx_word' id='word_1_134' title='bbox 623 2231 652 2289; x_wconf 93' lang='lat' dir='ltr'><strong>in</strong></span> <span class='ocrx_word' id='word_1_135' title='bbox 683 2229 758 2289; x_wconf 84' lang='lat' dir='ltr'><strong>duas</strong></span> <span class='ocrx_word' id='word_1_136' title='bbox 789 2228 1012 2290; x_wconf 83' lang='lat' dir='ltr'><strong>distribuendae</strong></span> <span class='ocrx_word' id='word_1_137' title='bbox 1041 2233 1111 2288; x_wconf 90' lang='lat' dir='ltr'><strong>sunt</strong></span> <span class='ocrx_word' id='word_1_138' title='bbox 1139 2227 1279 2306; x_wconf 77' lang='lat' dir='ltr'><strong>semibus,</strong></span> <span class='ocrx_word' id='word_1_139' title='bbox 1306 2227 1336 2289; x_wconf 93' lang='lat' dir='ltr'><strong>in</strong></span> <span class='ocrx_word' id='word_1_140' title='bbox 1367 2247 1495 2306; x_wconf 86' lang='lat' dir='ltr'><strong>quarum</strong></span> 
     </span>
     <span class='ocr_line' id='line_1_19' title="bbox 371 2328 1495 2411; baseline -0.005 -16"><span class='ocrx_word' id='word_1_141' title='bbox 371 2336 475 2411; x_wconf 88' lang='lat' dir='ltr'><strong>altera,</strong></span> <span class='ocrx_word' id='word_1_142' title='bbox 504 2332 590 2392; x_wconf 90' lang='lat' dir='ltr'><strong>sicuti</strong></span> <span class='ocrx_word' id='word_1_143' title='bbox 619 2331 696 2392; x_wconf 86' lang='lat' dir='ltr'><strong>intra</strong></span> <span class='ocrx_word' id='word_1_144' title='bbox 722 2330 931 2391; x_wconf 88' lang='lat' dir='ltr'><strong>demonstrare</strong></span> <span class='ocrx_word' id='word_1_145' title='bbox 959 2330 1100 2408; x_wconf 89' lang='lat' dir='ltr'><strong>conabor,</strong></span> <span class='ocrx_word' id='word_1_146' title='bbox 1127 2328 1216 2390; x_wconf 88' lang='lat' dir='ltr'><strong>editio</strong></span> <span class='ocrx_word' id='word_1_147' title='bbox 1240 2331 1357 2390; x_wconf 89' lang='lat' dir='ltr'><strong>Veneta</strong></span> <span class='ocrx_word' id='word_1_148' title='bbox 1382 2333 1436 2408; x_wconf 88' lang='lat' dir='ltr'><strong>est,</strong></span> <span class='ocrx_word' id='word_1_149' title='bbox 1464 2329 1495 2389; x_wconf 92' lang='lat' dir='ltr'><strong>in</strong></span> 
     </span>
     <span class='ocr_line' id='line_1_20' title="bbox 371 2430 1497 2509; baseline -0.004 -13"><span class='ocrx_word' id='word_1_150' title='bbox 371 2438 466 2498; x_wconf 88' lang='lat' dir='ltr'><strong>altera</strong></span> <span class='ocrx_word' id='word_1_151' title='bbox 488 2434 607 2498; x_wconf 88' lang='lat' dir='ltr'><strong>codices</strong></span> <span class='ocrx_word' id='word_1_152' title='bbox 626 2435 823 2494; x_wconf 88' lang='lat' dir='ltr'><strong>Monacenses</strong></span> <span class='ocrx_word' id='word_1_153' title='bbox 838 2434 867 2493; x_wconf 86' lang='lat' dir='ltr'>N</span> <span class='ocrx_word' id='word_1_154' title='bbox 888 2437 917 2493; x_wconf 91' lang='lat' dir='ltr'><strong>et</strong></span> <span class='ocrx_word' id='word_1_155' title='bbox 933 2432 967 2494; x_wconf 92' lang='grc' dir='ltr'><strong>Ο.</strong></span> <span class='ocrx_word' id='word_1_156' title='bbox 1013 2434 1120 2509; x_wconf 86' lang='lat' dir='ltr'><strong>ltaque</strong></span> <span class='ocrx_word' id='word_1_157' title='bbox 1143 2432 1169 2490; x_wconf 94' lang='lat' dir='ltr'><strong>si</strong></span> <span class='ocrx_word' id='word_1_158' title='bbox 1192 2435 1252 2492; x_wconf 87' lang='lat' dir='ltr'><strong>tres</strong></span> <span class='ocrx_word' id='word_1_159' title='bbox 1274 2430 1318 2491; x_wconf 89' lang='lat' dir='ltr'><strong>illi</strong></span> <span class='ocrx_word' id='word_1_160' title='bbox 1341 2431 1409 2492; x_wconf 89' lang='lat' dir='ltr'><strong>libri</strong></span> <span class='ocrx_word' id='word_1_161' title='bbox 1431 2450 1497 2491; x_wconf 88' lang='lat' dir='ltr'><strong>eas·</strong></span> 
     </span>
     <span class='ocr_line' id='line_1_21' title="bbox 372 2534 1497 2614; baseline -0.004 -16"><span class='ocrx_word' id='word_1_162' title='bbox 372 2538 437 2600; x_wconf 91' lang='lat' dir='ltr'><strong>dem</strong></span> <span class='ocrx_word' id='word_1_163' title='bbox 461 2537 605 2599; x_wconf 85' lang='lat' dir='ltr'><strong>exhibent</strong></span> <span class='ocrx_word' id='word_1_164' title='bbox 624 2537 801 2614; x_wconf 89' lang='lat' dir='ltr'><strong>scripturas,</strong></span> <span class='ocrx_word' id='word_1_165' title='bbox 823 2538 930 2612; x_wconf 88' lang='lat' dir='ltr'><strong>putare</strong></span> <span class='ocrx_word' id='word_1_166' title='bbox 947 2535 1017 2595; x_wconf 92' lang='lat' dir='ltr'><strong>licet</strong></span> <span class='ocrx_word' id='word_1_167' title='bbox 1038 2538 1172 2595; x_wconf 87' lang='lat' dir='ltr'><strong>servatas</strong></span> <span class='ocrx_word' id='word_1_168' title='bbox 1195 2534 1280 2594; x_wconf 89' lang='lat' dir='ltr'><strong>nobis</strong></span> <span class='ocrx_word' id='word_1_169' title='bbox 1303 2551 1369 2595; x_wconf 89' lang='lat' dir='ltr'><strong>esse</strong></span> <span class='ocrx_word' id='word_1_170' title='bbox 1391 2535 1497 2610; x_wconf 82' lang='lat' dir='ltr'><strong>genui-</strong></span> 
     </span>
    </p>
   </div>
   <div class='ocr_carea' id='block_1_3' title="bbox 370 2632 1498 3126">
    <p class='ocr_par' dir='ltr' id='par_1_5' title="bbox 371 2632 1498 2824">
     <span class='ocr_line' id='line_1_22' title="bbox 371 2632 1498 2717; baseline -0.004 -15"><span class='ocrx_word' id='word_1_171' title='bbox 371 2660 426 2702; x_wconf 88' lang='lat' dir='ltr'><strong>nas</strong></span> <span class='ocrx_word' id='word_1_172' title='bbox 448 2639 606 2717; x_wconf 86' lang='lat' dir='ltr'><strong>archetypi</strong></span> <span class='ocrx_word' id='word_1_173' title='bbox 625 2632 646 2697; x_wconf 76' lang='lat' dir='ltr'><strong>d</strong></span> <span class='ocrx_word' id='word_1_174' title='bbox 668 2639 832 2710; x_wconf 63' lang='lat' dir='ltr'><strong>lectiones</strong></span> <span class='ocrx_word' id='word_1_175' title='bbox 850 2638 897 2697; x_wconf 91' lang='lat' dir='ltr'><strong>eui</strong></span> <span class='ocrx_word' id='word_1_176' title='bbox 921 2635 1026 2715; x_wconf 88' lang='lat' dir='ltr'><strong>codici,</strong></span> <span class='ocrx_word' id='word_1_177' title='bbox 1048 2654 1126 2715; x_wconf 86' lang='lat' dir='ltr'><strong>quae</strong></span> <span class='ocrx_word' id='word_1_178' title='bbox 1148 2637 1312 2697; x_wconf 90' lang='lat' dir='ltr'><strong>auctoritas</strong></span> <span class='ocrx_word' id='word_1_179' title='bbox 1334 2635 1498 2697; x_wconf 85' lang='lat' dir='ltr'><strong>tribuenda</strong></span> 
     </span>
     <span class='ocr_line' id='line_1_23' title="bbox 371 2740 1094 2824; baseline -0.008 -19"><span class='ocrx_word' id='word_1_180' title='bbox 371 2746 419 2824; x_wconf 87' lang='lat' dir='ltr'><strong>sit,</strong></span> <span class='ocrx_word' id='word_1_181' title='bbox 439 2746 469 2804; x_wconf 93' lang='lat' dir='ltr'><strong>in</strong></span> <span class='ocrx_word' id='word_1_182' title='bbox 490 2743 588 2821; x_wconf 87' lang='lat' dir='ltr'><strong>prima</strong></span> <span class='ocrx_word' id='word_1_183' title='bbox 610 2740 830 2802; x_wconf 84' lang='lat' dir='ltr'><strong>dissertationis</strong></span> <span class='ocrx_word' id='word_1_184' title='bbox 851 2744 937 2818; x_wconf 89' lang='lat' dir='ltr'><strong>parte</strong></span> <span class='ocrx_word' id='word_1_185' title='bbox 960 2740 1094 2819; x_wconf 86' lang='lat' dir='ltr'><strong>exposui.</strong></span> 
     </span>
    </p>

    <p class='ocr_par' dir='ltr' id='par_1_6' title="bbox 370 2840 1498 3126">
     <span class='ocr_line' id='line_1_24' title="bbox 456 2840 1498 2920; baseline -0.003 -15"><span class='ocrx_word' id='word_1_186' title='bbox 456 2845 554 2906; x_wconf 84' lang='lat' dir='ltr'><strong>Aliter</strong></span> <span class='ocrx_word' id='word_1_187' title='bbox 575 2847 675 2904; x_wconf 89' lang='lat' dir='ltr'><strong>autom</strong></span> <span class='ocrx_word' id='word_1_188' title='bbox 697 2859 746 2902; x_wconf 89' lang='lat' dir='ltr'><strong>res</strong></span> <span class='ocrx_word' id='word_1_189' title='bbox 768 2861 801 2903; x_wconf 94' lang='lat' dir='ltr'><strong>se</strong></span> <span class='ocrx_word' id='word_1_190' title='bbox 823 2844 922 2914; x_wconf 87' lang='lat' dir='ltr'><strong>habet,</strong></span> <span class='ocrx_word' id='word_1_191' title='bbox 945 2843 969 2901; x_wconf 87' lang='lat' dir='ltr'><strong>si</strong></span> <span class='ocrx_word' id='word_1_192' title='bbox 992 2842 1081 2902; x_wconf 90' lang='lat' dir='ltr'><strong>trium</strong></span> <span class='ocrx_word' id='word_1_193' title='bbox 1103 2841 1219 2902; x_wconf 87' lang='lat' dir='ltr'><strong>illorum</strong></span> <span class='ocrx_word' id='word_1_194' title='bbox 1236 2840 1378 2903; x_wconf 88' lang='lat' dir='ltr'><strong>librorum</strong></span> <span class='ocrx_word' id='word_1_195' title='bbox 1402 2841 1498 2920; x_wconf 90' lang='lat' dir='ltr'><strong>scrip-</strong></span> 
     </span>
     <span class='ocr_line' id='line_1_25' title="bbox 370 2923 1498 3023; baseline -0.004 -14"><span class='ocrx_word' id='word_1_196' title='bbox 370 2953 457 3009; x_wconf 88' lang='lat' dir='ltr'><strong>turae</strong></span> <span class='ocrx_word' id='word_1_197' title='bbox 479 2948 558 3007; x_wconf 89' lang='lat' dir='ltr'><strong>inter</strong></span> <span class='ocrx_word' id='word_1_198' title='bbox 578 2963 611 3006; x_wconf 89' lang='lat' dir='ltr'><strong>se</strong></span> <span class='ocrx_word' id='word_1_199' title='bbox 634 2946 819 3023; x_wconf 89' lang='lat' dir='ltr'><strong>discrepant;</strong></span> <span class='ocrx_word' id='word_1_200' title='bbox 842 2946 886 3005; x_wconf 93' lang='lat' dir='ltr'><strong>eis</strong></span> <span class='ocrx_word' id='word_1_201' title='bbox 901 2945 978 3005; x_wconf 91' lang='lat' dir='ltr'><strong>enim</strong></span> <span class='ocrx_word' id='word_1_202' title='bbox 996 2943 1069 3004; x_wconf 93' lang='lat' dir='ltr'><strong>locis</strong></span> <span class='ocrx_word' id='word_1_203' title='bbox 1091 2943 1187 3005; x_wconf 84' lang='lat' dir='ltr'><strong>insius</strong></span> <span class='ocrx_word' id='word_1_204' title='bbox 1210 2947 1255 3004; x_wconf 92' lang='lat' dir='ltr'><strong>est</strong></span> <span class='ocrx_word' id='word_1_205' title='bbox 1272 2923 1498 3017; x_wconf 75' lang='lat' dir='ltr'><strong>disserendum,</strong></span> 
     </span>
     <span class='ocr_line' id='line_1_26' title="bbox 371 3045 1497 3126; baseline -0.002 -13"><span class='ocrx_word' id='word_1_206' title='bbox 371 3056 471 3113; x_wconf 86' lang='lat' dir='ltr'><strong>utrum</strong></span> <span class='ocrx_word' id='word_1_207' title='bbox 493 3050 573 3110; x_wconf 90' lang='lat' dir='ltr'><strong>bona</strong></span> <span class='ocrx_word' id='word_1_208' title='bbox 596 3049 693 3124; x_wconf 89' lang='lat' dir='ltr'><strong>lectio,</strong></span> <span class='ocrx_word' id='word_1_209' title='bbox 722 3066 801 3126; x_wconf 89' lang='lat' dir='ltr'><strong>quae</strong></span> <span class='ocrx_word' id='word_1_210' title='bbox 827 3067 887 3108; x_wconf 91' lang='lat' dir='ltr'><strong>non</strong></span> <span class='ocrx_word' id='word_1_211' title='bbox 910 3047 940 3106; x_wconf 91' lang='lat' dir='ltr'><strong>in</strong></span> <span class='ocrx_word' id='word_1_212' title='bbox 964 3045 1101 3107; x_wconf 90' lang='lat' dir='ltr'><strong>omnibus</strong></span> <span class='ocrx_word' id='word_1_213' title='bbox 1124 3045 1324 3106; x_wconf 89' lang='lat' dir='ltr'><strong>deterioribus</strong></span> <span class='ocrx_word' id='word_1_214' title='bbox 1347 3048 1424 3108; x_wconf 87' lang='lat' dir='ltr'><strong>inest</strong></span> <span class='ocrx_word' id='word_1_215' title='bbox 1448 3069 1497 3112; x_wconf 87' lang='lat' dir='ltr'><strong>eo·</strong></span> 
     </span>
    </p>
   </div>
   <div class='ocr_carea' id='block_1_4' title="bbox 370 3151 1602 4464">
    <p class='ocr_par' dir='ltr' id='par_1_7' title="bbox 370 3151 1499 3439">
     <span class='ocr_line' id='line_1_27' title="bbox 371 3151 1499 3231; baseline 0 -17"><span class='ocrx_word' id='word_1_216' title='bbox 371 3154 497 3231; x_wconf 90' lang='lat' dir='ltr'><strong>dicibus,</strong></span> <span class='ocrx_word' id='word_1_217' title='bbox 521 3151 574 3213; x_wconf 90' lang='lat' dir='ltr'><strong>sed</strong></span> <span class='ocrx_word' id='word_1_218' title='bbox 601 3153 633 3211; x_wconf 90' lang='lat' dir='ltr'><strong>in</strong></span> <span class='ocrx_word' id='word_1_219' title='bbox 655 3155 740 3230; x_wconf 88' lang='lat' dir='ltr'><strong>parte</strong></span> <span class='ocrx_word' id='word_1_220' title='bbox 763 3155 880 3212; x_wconf 88' lang='lat' dir='ltr'><strong>tantum</strong></span> <span class='ocrx_word' id='word_1_221' title='bbox 903 3169 1014 3228; x_wconf 90' lang='lat' dir='ltr'><strong>eorum,</strong></span> <span class='ocrx_word' id='word_1_222' title='bbox 1040 3152 1212 3213; x_wconf 89' lang='lat' dir='ltr'><strong>coniectura</strong></span> <span class='ocrx_word' id='word_1_223' title='bbox 1233 3152 1360 3213; x_wconf 88' lang='lat' dir='ltr'><strong>alicuius</strong></span> <span class='ocrx_word' id='word_1_224' title='bbox 1381 3153 1499 3214; x_wconf 88' lang='lat' dir='ltr'><strong>hhrarii</strong></span> 
     </span>
     <span class='ocr_line' id='line_1_28' title="bbox 371 3246 1499 3335; baseline 0.001 -18"><span class='ocrx_word' id='word_1_225' title='bbox 371 3257 410 3317; x_wconf 91' lang='lat' dir='ltr'><strong>sit</strong></span> <span class='ocrx_word' id='word_1_226' title='bbox 430 3254 575 3335; x_wconf 87' lang='lat' dir='ltr'><strong>putanda,</strong></span> <span class='ocrx_word' id='word_1_227' title='bbox 603 3274 641 3315; x_wconf 85' lang='lat' dir='ltr'><strong>an</strong></span> <span class='ocrx_word' id='word_1_228' title='bbox 663 3256 796 3333; x_wconf 85' lang='lat' dir='ltr'><strong>genuina</strong></span> <span class='ocrx_word' id='word_1_229' title='bbox 818 3256 857 3315; x_wconf 90' lang='lat' dir='ltr'><strong>sit</strong></span> <span class='ocrx_word' id='word_1_230' title='bbox 884 3254 952 3315; x_wconf 88' lang='lat' dir='ltr'><strong>libri</strong></span> <span class='ocrx_word' id='word_1_231' title='bbox 974 3246 994 3310; x_wconf 82' lang='lat' dir='ltr'><strong>d</strong></span> <span class='ocrx_word' id='word_1_232' title='bbox 1015 3255 1166 3332; x_wconf 88' lang='lat' dir='ltr'><strong>scriptura</strong></span> <span class='ocrx_word' id='word_1_233' title='bbox 1193 3253 1316 3332; x_wconf 89' lang='lat' dir='ltr'><strong>reliquis</strong></span> <span class='ocrx_word' id='word_1_234' title='bbox 1339 3254 1499 3318; x_wconf 88' lang='lat' dir='ltr'><strong>deterioris</strong></span> 
     </span>
     <span class='ocr_line' id='line_1_29' title="bbox 370 3356 1106 3439; baseline -0.008 -17"><span class='ocrx_word' id='word_1_235' title='bbox 370 3360 490 3439; x_wconf 85' lang='lat' dir='ltr'><strong>generis</strong></span> <span class='ocrx_word' id='word_1_236' title='bbox 513 3357 668 3419; x_wconf 88' lang='lat' dir='ltr'><strong>codicibus</strong></span> <span class='ocrx_word' id='word_1_237' title='bbox 689 3358 897 3419; x_wconf 88' lang='lat' dir='ltr'><strong>laborantibus</strong></span> <span class='ocrx_word' id='word_1_238' title='bbox 920 3356 1106 3434; x_wconf 87' lang='lat' dir='ltr'><strong>corruptelis.</strong></span> 
     </span>
    </p>

    <p class='ocr_par' dir='ltr' id='par_1_8' title="bbox 371 3459 1602 4464">
     <span class='ocr_line' id='line_1_30' title="bbox 455 3459 1499 3537; baseline 0.001 -15"><span class='ocrx_word' id='word_1_239' title='bbox 455 3462 511 3522; x_wconf 87' lang='lat' dir='ltr'><strong>His</strong></span> <span class='ocrx_word' id='word_1_240' title='bbox 533 3461 679 3537; x_wconf 84' lang='lat' dir='ltr'><strong>expositis</strong></span> <span class='ocrx_word' id='word_1_241' title='bbox 702 3460 867 3522; x_wconf 89' lang='lat' dir='ltr'><strong>secundum</strong></span> <span class='ocrx_word' id='word_1_242' title='bbox 891 3459 966 3520; x_wconf 79' lang='lat' dir='ltr'><strong>duras</strong></span> <span class='ocrx_word' id='word_1_243' title='bbox 988 3460 1054 3520; x_wconf 88' lang='lat' dir='ltr'><strong>illas</strong></span> <span class='ocrx_word' id='word_1_244' title='bbox 1079 3460 1211 3521; x_wconf 87' lang='lat' dir='ltr'><strong>rationes</strong></span> <span class='ocrx_word' id='word_1_245' title='bbox 1238 3478 1288 3520; x_wconf 89' lang='lat' dir='ltr'><strong>eas</strong></span> <span class='ocrx_word' id='word_1_246' title='bbox 1311 3461 1447 3522; x_wconf 88' lang='lat' dir='ltr'><strong>codicum</strong></span> <span class='ocrx_word' id='word_1_247' title='bbox 1469 3465 1499 3523; x_wconf 90' lang='lat' dir='ltr'>N</span> 
     </span>
     <span class='ocr_line' id='line_1_31' title="bbox 372 3562 1500 3642; baseline -0.002 -15"><span class='ocrx_word' id='word_1_248' title='bbox 372 3565 446 3627; x_wconf 90' lang='lat' dir='ltr'><strong>etO</strong></span> <span class='ocrx_word' id='word_1_249' title='bbox 474 3563 649 3641; x_wconf 83' lang='lat' dir='ltr'><strong>scripturas,</strong></span> <span class='ocrx_word' id='word_1_250' title='bbox 677 3582 764 3641; x_wconf 88' lang='lat' dir='ltr'><strong>quae,</strong></span> <span class='ocrx_word' id='word_1_251' title='bbox 792 3581 973 3641; x_wconf 88' lang='lat' dir='ltr'><strong>quamquam</strong></span> <span class='ocrx_word' id='word_1_252' title='bbox 1002 3581 1102 3640; x_wconf 89' lang='lat' dir='ltr'><strong>neque</strong></span> <span class='ocrx_word' id='word_1_253' title='bbox 1129 3562 1167 3623; x_wconf 89' lang='lat' dir='ltr'><strong>ab</strong></span> <span class='ocrx_word' id='word_1_254' title='bbox 1190 3563 1330 3641; x_wconf 79' lang='lat' dir='ltr'><strong>Emperio</strong></span> <span class='ocrx_word' id='word_1_255' title='bbox 1357 3583 1500 3642; x_wconf 87' lang='lat' dir='ltr'><strong>nequea</strong></span> 
     </span>
     <span class='ocr_line' id='line_1_32' title="bbox 371 3665 1602 3752; baseline 0 -23"><span class='ocrx_word' id='word_1_256' title='bbox 371 3667 527 3729; x_wconf 87' lang='lat' dir='ltr'><strong>Dindorfio</strong></span> <span class='ocrx_word' id='word_1_257' title='bbox 554 3667 700 3744; x_wconf 88' lang='lat' dir='ltr'><strong>probatae</strong></span> <span class='ocrx_word' id='word_1_258' title='bbox 728 3671 807 3744; x_wconf 86' lang='lat' dir='ltr'><strong>suut,</strong></span> <span class='ocrx_word' id='word_1_259' title='bbox 833 3665 904 3726; x_wconf 92' lang='lat' dir='ltr'><strong>mihi</strong></span> <span class='ocrx_word' id='word_1_260' title='bbox 931 3669 1031 3726; x_wconf 89' lang='lat' dir='ltr'><strong>tamen</strong></span> <span class='ocrx_word' id='word_1_261' title='bbox 1058 3665 1232 3742; x_wconf 89' lang='lat' dir='ltr'><strong>probandae</strong></span> <span class='ocrx_word' id='word_1_262' title='bbox 1254 3667 1394 3728; x_wconf 86' lang='lat' dir='ltr'><strong>videntur</strong></span> <span class='ocrx_word' id='word_1_263' title='bbox 1420 3687 1500 3747; x_wconf 85' lang='lat' dir='ltr'><strong>esse,</strong></span> <span class='ocrx_word' id='word_1_264' title='bbox 1601 3697 1602 3752; x_wconf 61' lang='lat' dir='ltr'><strong>r</strong></span> 
     </span>
     <span class='ocr_line' id='line_1_33' title="bbox 373 3753 1602 3850; baseline -0.001 -16"><span class='ocrx_word' id='word_1_265' title='bbox 373 3789 548 3834; x_wconf 89' lang='lat' dir='ltr'><strong>enumerare</strong></span> <span class='ocrx_word' id='word_1_266' title='bbox 572 3771 601 3830; x_wconf 91' lang='lat' dir='ltr'><strong>in</strong></span> <span class='ocrx_word' id='word_1_267' title='bbox 625 3771 724 3830; x_wconf 88' lang='lat' dir='ltr'><strong>auimo</strong></span> <span class='ocrx_word' id='word_1_268' title='bbox 747 3770 855 3848; x_wconf 85' lang='lat' dir='ltr'><strong>habeo;</strong></span> <span class='ocrx_word' id='word_1_269' title='bbox 879 3773 1036 3847; x_wconf 87' lang='lat' dir='ltr'><strong>praetcrea</strong></span> <span class='ocrx_word' id='word_1_270' title='bbox 1051 3772 1152 3830; x_wconf 85' lang='lat' dir='ltr'><strong>autem</strong></span> <span class='ocrx_word' id='word_1_271' title='bbox 1176 3771 1263 3831; x_wconf 88' lang='lat' dir='ltr'><strong>etiam</strong></span> <span class='ocrx_word' id='word_1_272' title='bbox 1279 3789 1330 3832; x_wconf 88' lang='lat' dir='ltr'><strong>eos</strong></span> <span class='ocrx_word' id='word_1_273' title='bbox 1345 3771 1500 3850; x_wconf 88' lang='lat' dir='ltr'><strong>proferam</strong></span> <span class='ocrx_word' id='word_1_274' title='bbox 1601 3753 1602 3764; x_wconf 11' lang='grc' dir='ltr'>ἵ</span> 
     </span>
     <span class='ocr_line' id='line_1_34' title="bbox 372 3870 1501 3951; baseline 0.002 -17"><span class='ocrx_word' id='word_1_275' title='bbox 372 3875 464 3951; x_wconf 84' lang='lat' dir='ltr'><strong>locos,</strong></span> <span class='ocrx_word' id='word_1_276' title='bbox 485 3873 537 3934; x_wconf 92' lang='lat' dir='ltr'><strong>ubi</strong></span> <span class='ocrx_word' id='word_1_277' title='bbox 559 3873 718 3950; x_wconf 80' lang='lat' dir='ltr'><strong>Emporius</strong></span> <span class='ocrx_word' id='word_1_278' title='bbox 741 3874 771 3933; x_wconf 92' lang='lat' dir='ltr'><strong>et</strong></span> <span class='ocrx_word' id='word_1_279' title='bbox 792 3870 968 3934; x_wconf 87' lang='lat' dir='ltr'><strong>Dindorfius</strong></span> <span class='ocrx_word' id='word_1_280' title='bbox 991 3871 1173 3932; x_wconf 87' lang='lat' dir='ltr'><strong>deteriorum</strong></span> <span class='ocrx_word' id='word_1_281' title='bbox 1194 3872 1330 3934; x_wconf 89' lang='lat' dir='ltr'><strong>codicum</strong></span> <span class='ocrx_word' id='word_1_282' title='bbox 1352 3874 1501 3936; x_wconf 90' lang='lat' dir='ltr'><strong>lectiones</strong></span> 
     </span>
     <span class='ocr_line' id='line_1_35' title="bbox 372 3975 1502 4054; baseline 0.002 -17"><span class='ocrx_word' id='word_1_283' title='bbox 372 3978 403 4037; x_wconf 90' lang='lat' dir='ltr'><strong>in</strong></span> <span class='ocrx_word' id='word_1_284' title='bbox 430 3979 544 4037; x_wconf 86' lang='lat' dir='ltr'><strong>textum</strong></span> <span class='ocrx_word' id='word_1_285' title='bbox 571 3979 761 4052; x_wconf 79' lang='lat' dir='ltr'><strong>receperunt,</strong></span> <span class='ocrx_word' id='word_1_286' title='bbox 792 3992 828 4033; x_wconf 82' lang='lat' dir='ltr'><strong>ex</strong></span> <span class='ocrx_word' id='word_1_287' title='bbox 856 3992 921 4034; x_wconf 90' lang='lat' dir='ltr'><strong>mea</strong></span> <span class='ocrx_word' id='word_1_288' title='bbox 948 3978 1045 4035; x_wconf 89' lang='lat' dir='ltr'><strong>autem</strong></span> <span class='ocrx_word' id='word_1_289' title='bbox 1073 3975 1222 4036; x_wconf 89' lang='lat' dir='ltr'><strong>sententia</strong></span> <span class='ocrx_word' id='word_1_290' title='bbox 1249 3976 1385 4037; x_wconf 88' lang='lat' dir='ltr'><strong>meliores</strong></span> <span class='ocrx_word' id='word_1_291' title='bbox 1411 3996 1502 4054; x_wconf 86' lang='lat' dir='ltr'><strong>prae·</strong></span> 
     </span>
     <span class='ocr_line' id='line_1_36' title="bbox 373 4076 1502 4156; baseline 0.003 -18"><span class='ocrx_word' id='word_1_292' title='bbox 373 4077 489 4140; x_wconf 83' lang='lat' dir='ltr'><strong>terendi</strong></span> <span class='ocrx_word' id='word_1_293' title='bbox 511 4081 583 4139; x_wconf 90' lang='lat' dir='ltr'><strong>suut</strong></span> <span class='ocrx_word' id='word_1_294' title='bbox 608 4076 676 4137; x_wconf 87' lang='lat' dir='ltr'><strong>libri</strong></span> <span class='ocrx_word' id='word_1_295' title='bbox 699 4095 789 4136; x_wconf 88' lang='lat' dir='ltr'><strong>manu</strong></span> <span class='ocrx_word' id='word_1_296' title='bbox 812 4077 923 4153; x_wconf 88' lang='lat' dir='ltr'><strong>scripti.</strong></span> <span class='ocrx_word' id='word_1_297' title='bbox 968 4079 1069 4154; x_wconf 85' lang='lat' dir='ltr'><strong>Atque</strong></span> <span class='ocrx_word' id='word_1_298' title='bbox 1095 4078 1221 4154; x_wconf 90' lang='lat' dir='ltr'><strong>primum</strong></span> <span class='ocrx_word' id='word_1_299' title='bbox 1244 4078 1365 4156; x_wconf 86' lang='lat' dir='ltr'><strong>quidem</strong></span> <span class='ocrx_word' id='word_1_300' title='bbox 1393 4099 1502 4140; x_wconf 87' lang='lat' dir='ltr'><strong>eorum</strong></span> 
     </span>
     <span class='ocr_line' id='line_1_37' title="bbox 373 4179 1505 4256; baseline 0.002 -14"><span class='ocrx_word' id='word_1_301' title='bbox 373 4181 554 4242; x_wconf 87' lang='lat' dir='ltr'><strong>mentionem</strong></span> <span class='ocrx_word' id='word_1_302' title='bbox 576 4179 683 4240; x_wconf 85' lang='lat' dir='ltr'><strong>inciam</strong></span> <span class='ocrx_word' id='word_1_303' title='bbox 706 4179 849 4256; x_wconf 86' lang='lat' dir='ltr'><strong>locorum,</strong></span> <span class='ocrx_word' id='word_1_304' title='bbox 875 4180 924 4240; x_wconf 92' lang='lat' dir='ltr'><strong>ubi</strong></span> <span class='ocrx_word' id='word_1_305' title='bbox 947 4184 976 4240; x_wconf 90' lang='lat' dir='ltr'><strong>et</strong></span> <span class='ocrx_word' id='word_1_306' title='bbox 999 4179 1118 4241; x_wconf 89' lang='lat' dir='ltr'><strong>codices</strong></span> <span class='ocrx_word' id='word_1_307' title='bbox 1138 4181 1198 4243; x_wconf 84' lang='grc' dir='ltr'><strong>ΝΟ</strong></span> <span class='ocrx_word' id='word_1_308' title='bbox 1222 4185 1252 4241; x_wconf 91' lang='lat' dir='ltr'><strong>et</strong></span> <span class='ocrx_word' id='word_1_309' title='bbox 1273 4181 1364 4242; x_wconf 92' lang='lat' dir='ltr'><strong>editio</strong></span> <span class='ocrx_word' id='word_1_310' title='bbox 1380 4184 1505 4244; x_wconf 83' lang='lat' dir='ltr'><strong>Veneta</strong></span> 
     </span>
     <span class='ocr_line' id='line_1_38' title="bbox 374 4281 1506 4360; baseline -0.001 -15"><span class='ocrx_word' id='word_1_311' title='bbox 374 4282 494 4345; x_wconf 90' lang='lat' dir='ltr'><strong>easdem</strong></span> <span class='ocrx_word' id='word_1_312' title='bbox 523 4281 665 4343; x_wconf 85' lang='lat' dir='ltr'><strong>exhibent</strong></span> <span class='ocrx_word' id='word_1_313' title='bbox 691 4282 845 4358; x_wconf 88' lang='lat' dir='ltr'><strong>scripturs,</strong></span> <span class='ocrx_word' id='word_1_314' title='bbox 878 4300 964 4358; x_wconf 86' lang='lat' dir='ltr'><strong>quae,</strong></span> <span class='ocrx_word' id='word_1_315' title='bbox 991 4282 1062 4360; x_wconf 90' lang='lat' dir='ltr'><strong>quin</strong></span> <span class='ocrx_word' id='word_1_316' title='bbox 1091 4284 1241 4360; x_wconf 82' lang='lat' dir='ltr'><strong>genuinae</strong></span> <span class='ocrx_word' id='word_1_317' title='bbox 1267 4285 1327 4349; x_wconf 90' lang='lat' dir='ltr'><strong>siut</strong></span> <span class='ocrx_word' id='word_1_318' title='bbox 1353 4285 1506 4352; x_wconf 80' lang='lat' dir='ltr'><strong>lectiones</strong></span> 
     </span>
     <span class='ocr_line' id='line_1_39' title="bbox 375 4377 843 4464; baseline -0.015 -16"><span class='ocrx_word' id='word_1_319' title='bbox 375 4384 489 4448; x_wconf 88' lang='lat' dir='ltr'><strong>codicis</strong></span> <span class='ocrx_word' id='word_1_320' title='bbox 512 4377 540 4464; x_wconf 83' lang='grc' dir='ltr'><strong>ὁ,</strong></span> <span class='ocrx_word' id='word_1_321' title='bbox 562 4402 621 4444; x_wconf 90' lang='lat' dir='ltr'><strong>non</strong></span> <span class='ocrx_word' id='word_1_322' title='bbox 645 4386 690 4444; x_wconf 90' lang='lat' dir='ltr'><strong>est</strong></span> <span class='ocrx_word' id='word_1_323' title='bbox 711 4382 843 4450; x_wconf 78' lang='lat' dir='ltr'><strong>dubium.</strong></span> 
     </span>
    </p>
   </div>
   <div class='ocr_carea' id='block_1_5' title="bbox 0 0 1625 5044">
    <p class='ocr_par' dir='ltr' id='par_1_9' title="bbox 0 0 1625 5044">
     <span class='ocr_line' id='line_1_40' title="bbox 0 0 1625 5044; baseline 0 0"><span class='ocrx_word' id='word_1_324' title='bbox 0 0 1625 5044; x_wconf 95' lang='lat' dir='ltr'><strong> </strong></span> 
     </span>
    </p>
   </div>
  </div>
 </body>
</html>
