3216 5044
1157 414 1197 475 87

92 579 212 660 666666
242 583 299 644 XII
321 586 370 660 69,
391 589 423 646 6;
453 581 542 645 BUA
571 573 708 664 ῥᾳδίως,
740 583 871 644 661166.
892 584 957 644 661.
978 583 1042 645 666.
1071 575 1199 666 budion

91 687 137 744 Xll
153 690 199 762 78,
214 690 244 746 5:
267 687 356 747 ΒΗΑ
379 673 525 766 ἠθέλησα
542 672 571 745 d'
584 672 635 758 ἂν,
658 687 680 746 O
697 685 743 746 ed.
757 689 829 746 Ven.
851 671 1001 763 ἠθέλησα
1017 675 1071 760 div3
1099 687 1198 748 XVIII

92 791 131 862 10,
146 793 176 850 a:
197 791 285 850 666
308 781 515 867 ἐπαγγελίας,
538 790 661 848 auus
677 787 809 848 eursu
833 773 1050 867 6666666
1073 790 1199 860 xxxin
1309 803 1311 808 ·

91 894 131 960 13,
150 894 180 951 5:
206 892 265 952 UA
294 875 346 948 ἐπ’
362 879 489 966 ἄλλως,
518 891 571 950 rel.
594 877 645 948 ἐπ’
661 876 798 967 61116666
832 891 957 952 XXXIII
981 896 1031 967 43,
1051 895 1084 952 8:
1110 891 1200 951 ΒΗΑ

29 1021 30 1048 1
89 982 289 1070 στησώμεθα,
317 994 371 1053 661.
394 981 600 1072 6666666196
637 993 764 1054 XXXIII
787 998 837 1070 63,
856 998 891 1054 4:
918 993 977 1054 UA
1004 981 1118 1073 ξυρόν,
1147 995 1201 1066 rel,

90 1084 216 1172 ἐξύρων.
262 1095 378 1169 Quibus
395 1096 470 1155 locis
493 1094 573 1155 unde
595 1094 705 1154 factum
728 1096 774 1173 sit,
797 1101 830 1156 ut
852 1095 946 1157 codex
962 1096 1133 1158 UrbinasU
1157 1101 1199 1159 at·

89 1215 140 1272 666
156 1198 207 1258 1116
221 1189 404 1258 6616616666
422 1198 563 1257 librorum
579 1197 692 1274 familia
707 1197 825 1257 666666
842 1197 1023 1280 depravatas
1039 1199 1200 1260 exhibeant

29 1287 31 1312 ⁸
88 1301 249 1376 scripturas,
281 1301 306 1360 61
338 1300 544 1359 demonstrare
572 1299 626 1375 vis,
657 1298 732 1366 duas
760 1301 836 1360 16166
865 1305 950 1377 66166
980 1301 1119 1363 rationes.
1162 1304 1201 1364 Et

87 1403 161 1476 66166
182 1403 301 1479 661666
324 1404 373 1462 via
396 1406 442 1464 661
463 1403 549 1462 baec:
578 1407 737 1479 corruptae
761 1403 913 1480 lectiones,
944 1422 1021 1480 quae
1046 1405 1148 1466 insunt
1169 1405 1200 1465 in
1314 1397 1316 1402 ’

29 1525 30 1542 ¹
87 1504 178 1564 codice
197 1507 233 1582 U,
260 1525 277 1564 a
300 1505 412 1566 codicia
435 1522 456 1563 τ
478 1505 599 1565 11666616
627 1504 665 1564 66
689 1505 817 1566 66116616
841 1506 960 1581 generis
989 1506 1121 1567 codicem
1149 1508 1200 1588 ali·

87 1625 165 1682 quem
187 1612 341 1670 correctae
364 1611 448 1684 sunt3
475 1606 582 1668 661666
606 1612 703 1668 autem
732 1608 828 1668 bonae
852 1608 996 1669 lectiones
1026 1611 1143 1670 sincere
1170 1611 1199 1670 16

86 1709 181 1769 librum
201 1722 228 1786 ψ
251 1709 407 1771 traductae
427 1714 505 1782 sunt,
529 1709 642 1771 codicis
663 1709 689 1768 θ
709 1713 807 1771 66166
829 1711 968 1772 librarius
990 1713 1085 1773 bonas
1106 1713 1200 1788 scrip·

86 1817 159 1872 turus
182 1832 252 1873 casu
276 1813 387 1880 616666
412 1813 591 1890 6666666611
615 1813 806 1889 corruptelis,
835 1832 912 1889 6666
936 1815 1040 1876 166661
1062 1816 1091 1874 16
1115 1815 1200 1876 Urbi·

86 1918 148 1974 nate
172 1917 206 1976 11.
250 1915 317 1974 666
347 1915 421 1974 nihil
449 1914 668 1992 probabililatis
700 1934 774 1992 6666
804 1933 836 1976 66
867 1915 948 1976 ferre
978 1917 1104 1978 libenter
1132 1936 1200 1978 con-

29 2017 30 2062 ῑ
86 2015 174 2076 66666.
217 2016 276 2078 Sed
300 2017 414 2078 etiamsi
436 2017 560 2077 alteram
576 2016 633 2076 1616
649 2018 805 2095 rationem,
828 2023 1011 2096 quapropter
1026 2020 1199 2080 UrbInasU

86 2124 221 2195 congruat
244 2139 310 2179 cum
335 2120 429 2180 altera
452 2119 634 2180 deteriorum
658 2119 793 2182 codicum
817 2120 938 2199 familia,
965 2122 1125 2182 6666666
1149 2142 1199 2182 ex·

29 2277 31 2298 ,
85 2240 187 2296 ponere
214 2224 336 2300 poteris.
380 2223 1082 2286 1116666616166666616666166666666
1110 2225 1198 2286 6666

85 2328 166 2401 61666
187 2325 425 2387 inUrbinateU
447 2344 557 2402 pravas
580 2325 671 2386 161666
694 2326 846 2405 lectiones,
868 2345 947 2404 quae
970 2347 1024 2406 per
1047 2329 1199 2407 66616166)

29 2489 30 2508 ,
85 2426 225 2488 librarium
254 2431 306 2487 aut
332 2447 386 2504 per
409 2427 546 2488 66616616
567 2429 698 2488 Venetae
722 2427 865 2489 editorem
895 2430 923 2490 16
947 2429 1040 2491 66666
1067 2434 1199 2492 mutatae

29 2541 30 2614 ζ
84 2533 175 2588 essent
196 2529 372 2606 scripturas.
416 2531 461 2590 116
489 2530 571 2591 66116
596 2532 696 2590 autem
722 2531 779 2590 alio
803 2530 868 2592 1666
895 2531 992 2591 elucet
1019 2532 1097 2592 hanc
1118 2533 1198 2593 dotc-

84 2630 185 2692 riorum
217 2632 353 2693 codicum
387 2631 529 2693 familiam
561 2633 599 2694 ad
631 2634 769 2694 meliores
802 2634 894 2694 libros
926 2639 1092 2696 correctam
1125 2654 1200 2714 esse,

29 2781 31 2822 t
84 2750 164 2807 quam
190 2736 228 2795 ob
255 2753 315 2795 rem
347 2736 453 2794 mirum
484 2735 620 2814 66616616
652 2740 738 2813 66661,
768 2735 792 2796 61
824 2737 870 2796 his
896 2741 1010 2814 septem
1039 2733 1198 2798 locis⁸hoc

29 2863 30 2892 ι
83 2833 186 2898 factum
209 2841 296 2898 66661.
339 2839 385 2898 le
413 2857 478 2898 mea
503 2840 594 2915 igItur
623 2839 770 2899 sententia
797 2840 964 2917 scripturis,
992 2859 1071 2916 6666
1098 2842 1199 2901 166661

29 2983 31 3030 l
83 2940 109 2996 iu
138 2939 239 3001 codice
266 2941 410 3002 Urbinate
435 2943 476 3019 U,
506 2941 729 3002 demonstratur
758 2942 837 3001 bunc
867 2943 972 3002 librum
1004 2943 1198 3020 archetypum

83 3042 254 3105 deteriorum
278 3043 412 3105 codicum
437 3065 496 3105 666
520 3062 593 3104 6666.

161 3148 253 3221 Quam
283 3165 403 3206 666666
435 3147 459 3206 61
488 3148 514 3206 61
540 3146 637 3218 66616,
668 3146 705 3206 66
733 3166 794 3224 666
820 3165 911 3225 supra
941 3147 1013 3220 dlxi,
1044 3149 1198 3224 intelleges

29 3271 30 3316 1
82 3247 188 3326 Sonnyi
210 3251 387 3310 sententiam
416 3250 537 3327 probari
561 3268 620 3308 666
644 3267 747 3327 66666;
774 3268 877 3310 verum
905 3269 1078 3327 persuasum
1102 3250 1197 3310 habeo

29 3327 30 3346 Χ
83 3351 206 3412 codicem
231 3354 403 3414 Urbinatem
425 3353 453 3412 U
481 3353 626 3412 artIssime
649 3362 716 3412 curn
740 3353 823 3412 libris
844 3355 966 3413 DEFN
973 3355 999 3412 X
1027 3352 1198 3430 cohaerere,

82 3459 235 3530 propterea
268 3455 347 3532 quod
380 3475 448 3514 oum
478 3454 630 3515 codicibus
660 3456 840 3516 Florentinis
867 3458 895 3515 D
922 3460 952 3516 et
980 3457 1004 3515 11
1036 3459 1197 3533 conspirat,

82 3556 132 3614 nisi
158 3556 272 3617 mendis
294 3563 347 3616 aut
368 3557 548 3616 coniecturis
575 3556 699 3617 laborat.
744 3557 895 3618 Genuinas
918 3563 1016 3618 autem
1039 3559 1195 3634 archetypi

82 3657 106 3715 iu
128 3660 183 3719 boc
206 3661 268 3720 6616
292 3659 394 3720 666166
423 3665 558 3720 servatas
581 3677 647 3720 6666
671 3680 729 3720 666
753 3679 842 3738 66666
870 3678 1042 3738 cognosces,
1070 3663 1094 3720 si
1118 3661 1197 3722 codi-

83 3778 141 3820 cum
165 3767 287 3822 stemma
316 3762 488 3840 intueberis,
517 3782 605 3840 quam
629 3764 752 3823 obrem
780 3765 938 3841 Emperius
966 3783 1023 3823 non
1052 3767 1132 3823 recte
1160 3784 1196 3823 ex

82 3865 223 3926 sententia
256 3884 322 3925 mea
355 3865 426 3924 lecit
460 3870 522 3942 6,7
546 3869 575 3925 et
600 3861 648 3944 13,
669 3861 729 3943 6¹),
762 3866 811 3927 ubi
846 3866 956 3925 codicis
989 3867 1144 3927 Urbinatis
1170 3869 1197 3928 U

161 4050 181 4111 1)
207 4047 251 4102 06.
265 4045 362 4100 XVIII
378 4050 444 4114 13,6
465 4045 495 4098 in
513 4044 657 4100 codicibus
671 4045 849 4100 MBDETR
862 4046 987 4102 661166.
1006 4045 1075 4101 baec
1093 4047 1198 4116 scripta

83 4128 170 4185 vides:
190 4126 257 4196 τοὺς
273 4127 329 4197 μὲν
346 4127 377 4200 δὴ
395 4123 498 4194 ἄλλους
514 4125 629 4200 μακρὸν
646 4123 681 4184 ἂν
698 4122 739 4198 εἴη
754 4122 841 4200 ἔργον
854 4124 983 4186 ἐπαινεῖν
1000 4129 1050 4186 καὶ
1063 4125 1197 4202 ἐντυγχά-

82 4231 135 4267 νειν
152 4209 249 4279 αὐτοῖς
268 4209 303 4270 od
320 4211 353 4270 τὸ
373 4211 472 4286 celuim
490 4216 636 4284 Emporias
655 4222 747 4270 autem
767 4223 795 4270 et
813 4216 974 4271 Dindorfiua
993 4218 1098 4272 6661616
1116 4218 1195 4272 11661-

82 4301 185 4354 666611
202 4301 367 4370 scripturam
393 4301 592 4370 probaverunt,
617 4300 665 4369 qui
682 4299 785 4354 omittit
807 4315 908 4354 nomen
925 4301 1130 4356 substantivum
1149 4295 1194 4373 du-

83 4399 136 4450 yov.
171 4379 304 4442 Nonnulli
321 4393 415 4440 autem
437 4387 467 4440 in
485 4385 584 4440 Diocle
603 4385 775 4441 orationibus
798 4387 879 4440 nobis
896 4394 1048 4442 occurrunt
1065 4389 1125 4458 loci,
1149 4389 1195 4443 ubi
