3216 5044
1127 371 1166 429 79

81 539 163 614 ζοντα.
196 543 242 615 Xl,
259 547 298 604 27
324 542 434 602 desunt
453 542 481 601 in
499 543 523 600 Α
549 535 806 618 διαφθείροντες
821 530 884 619 τὴν
901 534 1000 616 λέξιν.
1041 541 1170 616 Reliqua

80 645 172 724 scholia,
196 665 269 723 quae
293 646 425 706 Oobetus
448 664 485 704 ex
509 645 609 704 codice
630 646 657 705 U
681 646 842 723 excerpsit,
862 644 898 704 ¹in
921 644 1058 704 Parisino
1078 643 1104 702 A
1128 643 1169 728 in-

22 809 23 838 n
78 765 126 806 esse
142 768 191 808 non
206 750 353 809 videntur.
395 750 439 807 Ex
457 749 502 807 bis
518 744 965 824 intellegimusdiscrepantias,
988 765 1065 823 quae
1081 747 1170 804 iuter·-

22 847 23 864 ²
78 850 163 909 cudunt
185 852 259 911 inter
288 850 424 911 codicum
446 850 541 910 ANU
569 849 691 927 scholia,
718 867 784 909 esse
813 851 986 921 levissimas,
1015 869 1104 926 quam
1133 849 1170 908 ob

77 971 121 1011 rem
140 973 190 1014 non
212 957 343 1031 ineptum
368 954 487 1014 videtur
510 957 615 1030 putare
644 972 680 1013 ex
705 973 763 1012 uno
788 953 953 1029 eodemque
977 953 1059 1012 fonte
1083 953 1171 1028 origi-

77 1073 125 1114 num
145 1075 176 1116 ea
196 1058 317 1118 ducere.

140 1161 290 1221 Auctorem
325 1161 513 1232 scholiorum,
552 1165 586 1220 ut
618 1179 712 1236 supra
747 1161 818 1238 dixi,
854 1159 996 1236 Sonnyus
1029 1160 1172 1220 Arctham

76 1259 145 1320 luisse
171 1264 248 1341 dixit,
277 1263 442 1324 Caesareae
471 1264 654 1340 episcopum,
671 1264 735 1348 ‘qui
765 1263 884 1322 circiter
913 1265 1171 1340 nongentesimum

76 1362 155 1424 tonuit
174 1385 289 1426 anuum.
334 1367 468 1439 Quocum
493 1367 640 1442 congruit,
668 1365 748 1442 quod
771 1366 925 1425 blorellius
948 1367 1012 1425 iure
1035 1366 1174 1442 exposuit

75 1463 134 1539 llll,
149 1467 174 1540 1)
200 1469 387 1529 scholiastam
412 1468 511 1528 Photii
537 1467 716 1527 bibliotheca
739 1485 804 1527 esse
826 1486 920 1528 usum.
964 1470 1070 1544 Neque
1094 1469 1184 1527 enim

22 1601 24 1670 ἱ
74 1570 204 1646 quisquam
227 1571 398 1648 opinabitur
421 1591 437 1630 a
463 1571 569 1630 Photio
592 1571 707 1630 scholia
730 1575 874 1648 excerpta
897 1571 1170 1648 csse,praese1·tim

73 1687 124 1728 cum
144 1674 266 1734 melioris
288 1675 407 1749 generis
431 1673 557 1749 codices,
585 1691 620 1732 ex
644 1692 772 1750 quorum
795 1692 920 1733 numero
944 1672 1072 1749 aliquem
1096 1674 1171 1732 Pho·

72 1771 116 1832 lius
135 1779 198 1835 autc
219 1777 322 1836 oculos
346 1776 484 1847 habebat,
512 1775 628 1834 scholia
651 1794 710 1834 uon
735 1777 916 1835 contineant.

139 1878 219 1938 Nunc
234 1880 260 1940 si
275 1880 457 1956 quaerimus,
473 1897 551 1956 quae
564 1879 726 1938 auotoritas
741 1879 861 1938 scholiis
874 1879 997 1938 Diouois
1013 1878 1173 1938 tribuenda

22 1987 23 2064 l
71 1978 107 2053 sit,
123 1983 222 2042 conscii
244 1984 331 2043 nobis
348 2001 449 2043 sumus
471 1983 562 2059 plane
578 1982 636 2041 hoc
652 1981 819 2042 diiudicare
840 2000 895 2041 nos
911 1999 970 2040 uon
987 1999 1084 2058 posse.
1126 1984 1171 2041 Ex

22 2067 23 2142 l
71 2099 197 2158 perparvo
222 2088 301 2146 enim
331 2074 511 2147 scholiorum
540 2104 674 2163 numero,
702 2085 753 2161 qui
780 2086 857 2145 inest
884 2086 913 2143 in
945 2083 1048 2144 codice
1071 2087 1172 2144 Mona-

22 2181 23 2254 }
71 2187 134 2243 musi
148 2187 182 2262 N,
203 2187 384 2248 concludere
407 2207 466 2248 non
491 2189 560 2247 licet
583 2186 660 2247 idem
679 2187 781 2247 valere
804 2188 921 2263 reliqua
943 2187 1065 2247 scholia.
1109 2189 1171 2246 Elae

22 2279 23 2312 ³
71 2291 149 2345 eutem
171 2288 205 2350 tle
227 2290 337 2367 quibus
360 2291 475 2366 egimus
497 2289 705 2350 adnotationes
728 2289 809 2349 haud
825 2290 925 2366 magni
942 2290 1011 2349 mibi
1028 2289 1171 2349 videntur

70 2404 121 2447 esse
140 2394 273 2453 momenti
297 2398 424 2470 excepto
441 2411 476 2453 eo
493 2393 617 2470 scholio,
639 2411 699 2469 quo
715 2393 876 2470 Apsepbae
894 2393 975 2469 regis
991 2395 1170 2467 mentionem
1217 2449 1220 2455 .

70 2488 127 2551 lucit
146 2495 276 2556 Arethas.
643 2516 645 2520 ·
