3216 5044
1192 410 1231 470 55

192 573 243 635 Or.
264 574 291 632 II
311 577 361 644 42,
379 577 412 634 t:
441 565 610 643 Μενέλαος
634 565 668 632 δε
690 569 800 650 πολλῇ
822 573 876 646 (ita
898 573 1042 648 editores)
1067 565 1234 654 αβροσύνῃ

111 669 211 753 δῆλος
234 658 380 753 ὁρᾶσθαι
402 671 466 732 τοῦ
486 669 697 734 Τανταλιδᾶν
719 668 753 751 ἐξ
776 668 915 753 αἵματος
938 663 998 735 οδν.
1043 679 1106 738 Hos
1128 697 1235 739 versus

108 779 185 838 DIcn
209 795 246 837 cx
270 774 424 854 Euripidis
447 775 554 838 Oreste
577 779 745 856 exscripsit,
774 778 824 839 ubi
847 779 876 840 in
901 780 1037 841 versibus
1061 785 1233 844 341—343

108 880 167 952 (cd.
188 878 363 952 Kirchhcff)
388 880 462 939 haec
483 879 621 957 legimus:

344 975 517 1052 Μενέλαος
541 969 624 1057 ἄναξ
645 972 737 1042 πολὺ
761 967 793 1042 δ’
808 966 978 1062 ἁβροσύνῃ

346 1079 449 1162 δῆλος
472 1067 618 1163 ὁρᾶσθαι

345 1181 419 1244 τοᾶν
442 1182 658 1246 Τανταλιδῶν
681 1178 716 1262 ἐξ
737 1179 877 1265 αἵματος
899 1173 957 1247 ὢν.

105 1290 180 1350 lude
209 1308 275 1350 cum
305 1275 518 1366 intellegamus
546 1289 600 1348 has
626 1291 705 1350 iuter
732 1290 837 1350 Dionis
864 1295 955 1369 atque
982 1292 1061 1353 iuter
1083 1292 1236 1370 Euripidis

106 1396 222 1454 textum
247 1395 366 1454 exstare
391 1390 592 1452 diversitates:
615 1393 686 1452 Eur.
709 1387 883 1465 Μενέλαος
898 1381 982 1470 ἄναξ
1005 1396 1147 1455 -Dion
1170 1394 1236 1455 Mc-

104 1488 227 1564 νέλαος
248 1486 295 1566 δὲ,
318 1494 387 1553 Eur.
411 1488 491 1550 τῶν
516 1486 731 1552 Τανταλιδῶν
751 1524 794 1534 -
816 1496 895 1556 Dion
918 1492 990 1554 τοῦ
1017 1491 1235 1569 Τανταλιδᾶν,

101 1600 215 1674 putare
238 1596 308 1656 licet
330 1597 457 1656 Diouem
481 1614 541 1657 non
565 1595 646 1673 ipsos
669 1597 724 1657 hos
740 1615 847 1658 versus
862 1605 938 1660 ¹ante
959 1599 1063 1660 oculos
1085 1599 1234 1672 habuisse,

103 1699 171 1776 sed,
193 1699 280 1760 sicuti
304 1699 333 1760 in
350 1699 492 1760 memoria
514 1699 642 1772 tenebat,
666 1701 793 1761 orationi
814 1701 854 1760 illi
877 1700 1073 1775 inseruisse.¹)
1117 1703 1151 1790 Id
1175 1722 1234 1763 nou

191 1864 368 1947 Adnot.1)'
390 1879 434 1932 De
452 1877 552 1933 Di0nis
570 1879 678 1934 ratione
697 1879 801 1934 citandi
819 1895 917 1934 versus
936 1879 965 1934 in
984 1880 1036 1935 hac
1054 1881 1234 1936 adnotatione

100 1965 265 2021 accuratius
289 1979 372 2033 agere
402 1961 467 2018 mihi
491 1963 587 2018 liceat:
617 1963 704 2034 Dion,
731 1971 764 2019 ut
786 1965 934 2020 Homerum
961 1966 1234 2034 praestantissimum

100 2057 188 2122 putat
205 2051 327 2106 omnium
346 2050 493 2119 po‘e'tarum
511 2049 558 2117 (cl.
577 2065 615 2104 or.
628 2049 726 2104 XVIII
739 2055 763 2119 8,
778 2051 864 2119 1-2)‚
884 2052 977 2106 ita'ex
996 2066 1029 2106 eo
1047 2051 1131 2122 longe
1149 2053 1233 2121 pluri-

100 2153 165 2192 mos
189 2133 298 2205 profert
320 2151 429 2191 versus.
465 2135 573 2190 Deinde
592 2149 660 2190 vero
683 2135 825 2206 EurIpidis
844 2137 973 2192 versibus
999 2138 1113 2207 saepius
1136 2137 1234 2206 utitur,

99 2237 247 2291 nunqnam
275 2227 366 2276 autem
390 2218 529 2291 Aeschyli
555 2227 640 2290 atque
666 2220 826 2290 Sophoclis,
853 2237 1020 2291 quamquam
1047 2238 1097 2279 eoa
1122 2223 1234 2293 plurImi

98 2306 234 2362 ¹aestimat
252 2302 299 2376 (ct.
319 2321 358 2360 or.
374 2305 427 2360 Lll
445 2311 469 2373 1,
482 2309 548 2359 4-6
568 2311 597 2359 et
614 2321 653 2360 or.
671 2304 724 2359 LII
739 2309 877 2375 15‚1—2).
913 2308 1061 2363 Praeterea
1078 2307 1234 2363 Hesiodeos

98 2406 204 2446 versus
228 2391 341 2460 saepius
366 2391 393 2444 iu
411 2390 537 2445 ordinem
555 2390 705 2445 verborum
726 2391 842 2460 recepit,
866 2397 899 2446 ut
916 2392 1040 2446 omittam
1060 2394 1235 2461 conpoctas,

99 2491 223 2546 quorum
242 2490 327 2545 opera
350 2474 497 2530 memoriae
519 2490 574 2529 non
593 2474 705 2544 prodita
723 2479 797 2529 suut.
833 2474 862 2530 Si
880 2476 1027 2544 pottarum
1044 2476 1154 2531 illorum
1173 2491 1234 2531 ver-

99 2577 165 2629 sus,
191 2575 262 2628 quos
289 2559 364 2614 Dion
391 2560 483 2627 affert,
511 2574 702 2628 comparamus
730 2575 793 2614 cum
819 2560 944 2628 ipsorum
971 2563 1118 2630 potitarum
1145 2564 1234 2629 textu,

98 2646 190 2702 sicuti
208 2651 337 2701 servatus
355 2645 436 2700 uobis
455 2649 506 2712 est,
526 2646 609 2699 miras
627 2645 784 2700 invenimus
803 2645 1013 2714 discrepantias.
1048 2645 1117 2700 liam
1137 2652 1170 2701 ut
1188 2661 1233 2701 ex·

98 2731 227 2801 emplum
245 2730 367 2793 afferam,
391 2746 429 2786 or.
449 2728 531 2784 XVII
550 2734 573 2800 9,
597 2730 646 2785 uhi
665 2728 880 2786 Phoenisscrum
898 2746 998 2787 versus
1018 2737 1153 2788 aar-542
1172 2747 1233 2802 pro-

98 2819 243 2884 feruntur,
262 2813 314 2871 hae
331 2816 405 2870 inter
422 2815 521 2869 Dionis
540 2821 626 2884 atque
643 2815 716 2869 inter
728 2815 872 2884 Euripidis
885 2821 992 2872 textum
1012 2821 1125 2872 exstant
1144 2816 1234 2872 diver·

98 2905 218 2958 sitatcs:
245 2906 308 2957 533:
331 2902 396 2954 Eur.
422 2898 639 2970 φιλοτιμίας-
664 2900 736 2954 Dion
763 2898 947 2970 πλεονεξίας,
976 2907 1039 2956 536:
1064 2904 1130 2956 Eur.
1153 2909 1234 2957 κεῖνο

97 2983 227 3043 κάλλιον
244 2980 349 3040 τέκνον
366 3016 399 3025 -
418 2985 491 3040 Dion
510 2989 597 3040 τοῦτο
610 2980 766 3039 κάλλιστον
784 2989 900 3056 βροτοῖς
919 2987 979 3055 [639
998 2986 1142 3056 Euripidis
1161 2988 1235 3042 codi-

97 3088 153 3128 ces
164 3068 297 3126 exhibent
307 3073 411 3135 συνδεῖ,
422 3085 476 3124 non
488 3072 589 3134 ξυνδεῖ,
599 3075 631 3124 ut
640 3071 756 3124 adnotat
765 3072 934 3141 Emporias].
954 3071 1063 3126 Deinde
1076 3088 1115 3126 or.
1124 3071 1234 3126 XXXII

101 3163 193 3226 100‚5
211 3157 292 3212 affert
304 3156 378 3211 Dion
396 3156 526 3212 Herculis
539 3171 651 3211 versum
670 3160 728 3225 671,
747 3160 831 3226 atque
849 3158 926 3226 apud
938 3157 1101 3227 Euripidem
1120 3157 1233 3227 quidem

96 3246 159 3299 hoc
177 3243 305 3297 videmus
329 3241 477 3311 scriptum:
503 3235 537 3296 ori
559 3237 721 3309 παύσομαι,
744 3241 820 3310 apud
838 3241 968 3297 Dionem:
993 3237 1032 3312 μὴ
1052 3240 1229 3312 masculum

96 3333 128 3386 in
144 3327 275 3397 sequenti
287 3332 379 3381 autem
393 3341 477 3381 versu
495 3327 571 3395 apud
583 3327 748 3395 Euripidem
767 3323 1008 3396 συγκαταμιγνύς,
1020 3328 1103 3397 apud
1114 3328 1233 3382 Dionem

97 3408 270 3482 ἀναμιγνύς.
304 3408 354 3466 Ab
372 3411 484 3466 Homeri
502 3416 595 3466 autem
614 3417 695 3466 textu
713 3413 787 3467 Dion
810 3410 853 3466 his
871 3412 1049 3481 potissimum
1067 3413 1177 3467 recedit
1194 3413 1234 3468 lo·
1339 3465 1346 3474 ,

96 3501 160 3556 cis:
187 3514 225 3553 or.
239 3496 293 3552 VII
306 3501 347 3565 83,
360 3502 384 3564 9,
403 3497 449 3551 ubi
467 3497 496 3550 in
515 3497 643 3566 Odyssea
655 3497 737 3551 XVII
750 3503 799 3552 416
823 3496 892 3552 haee
910 3497 1041 3567 legImus:
1067 3495 1147 3553 σίτου
1165 3490 1234 3553 ἀπο·

96 3578 241 3656 προελών
259 3578 391 3650 δόμεναι·
417 3576 452 3635 τὰ
472 3579 501 3638 δὲ
520 3577 615 3636 πολλὰ
633 3574 784 3653 πάρεστιν,
810 3582 887 3650 apud
904 3583 1023 3637 Diouem
1042 3591 1134 3638 autem
1152 3583 1233 3639 haec:

97 3668 187 3726 σίτου
206 3659 404 3738 ἀπάρξασθαι,
423 3670 539 3744 uoltus
557 3662 632 3722 κατὰ
651 3659 734 3722 οἶκον
753 3662 875 3737 ἐόντων,
903 3684 942 3722 or.
955 3667 1010 3722 VII
1026 3674 1081 3737 146,
1094 3674 1119 3738 5,
1137 3669 1187 3724 uhi
1203 3669 1234 3723 in

95 3754 192 3812 Iliade
210 3753 279 3808 XVI
295 3757 342 3808 180
361 3752 495 3822 acrIptum
508 3753 636 3809 videmus
650 3750 815 3822 Πολυμήλη,
833 3753 931 3808 Dionis
949 3757 1041 3810 autem
1059 3754 1170 3810 codices
1189 3771 1235 3810 ex·

96 3843 203 3898 hibent
221 3834 392 3911 ilolvdcipq3
420 3857 464 3894 or.
482 3839 605 3894 XXXIII
622 3846 662 3911 16,
675 3846 698 3909 6,
722 3840 771 3895 ubi
794 3841 823 3893 in
841 3840 969 3909 Odyssea
986 3839 1026 3892 IV
1040 3845 1088 3895 116
1107 3846 1150 3895 est
1171 3843 1234 3895 δυσ-

95 3923 226 3999 μενέων,
244 3927 274 3980 ἰο
291 3926 391 3981 Dionis
411 3933 501 3982 autem
519 3927 567 3982 illa
584 3928 709 3983 oratioue
729 3922 954 3999 toamnasarim
982 3945 1020 3982 or.
1034 3927 1143 3982 XXXV
1158 3933 1197 3996 13,
1211 3935 1234 4000 l,

96 4015 155 4070 ubi
172 4013 202 4067 in
223 4012 351 4082 Odyssea
363 4012 403 4066 lV
417 4018 466 4068 664
486 4013 552 4067 haec
571 4014 703 4082 legimus:
722 4010 812 4084 πυροί
821 4031 854 4067 τε
870 4010 945 4079 ζειαί
956 4031 988 4067 τε
1004 4005 1029 4067 τ’
1039 4005 1081 4082 ἠδ’
1093 4007 1235 4083 εὐρυφυὲς

97 4105 156 4172 κρῖ
171 4101 284 4165 λεῦκον,
303 4097 379 4166 apud
391 4098 508 4152 Diouem
520 4103 614 4153 autem
632 4099 713 4153 haec:
733 4094 842 4168 πυρούς
855 4115 887 4152 τε
906 4094 983 4165 ζειάς
999 4091 1024 4152 τ’
1036 4091 1079 4168 ἠδ
1093 4091 1235 4170 εὐρυφυὲς

97 4189 157 4257 κρῖ
173 4187 293 4254 λεῦκον,
315 4199 354 4239 or.
372 4182 497 4237 XXXIII
508 4188 550 4251 40,
563 4188 587 4252 6,
605 4183 654 4238 ubi
671 4184 700 4236 in
718 4184 846 4254 Odyssea
858 4183 941 4238 XVII
955 4188 1004 4240 269
1022 4190 1115 4239 exstat
1133 4181 1234 4254 γιγνώ-

99 4289 178 4335 σκω,
197 4270 273 4339 apud
290 4268 408 4324 Diouem
428 4264 611 4338 γιγνώσκειν,
647 4270 690 4322 Ex
709 4268 752 4323 hIs
771 4283 842 4338 quae
860 4269 944 4324 attuli
963 4269 1099 4338 exemplis
1117 4276 1234 4340 apparet

99 4355 321 4426 discrepantias,
340 4368 410 4422 quae
429 4359 542 4409 exstant
559 4355 630 4418 iuter
642 4355 759 4415 Dionem
778 4358 862 4430 atque
880 4355 954 4410 iuter
965 4354 1075 4408 illorum
1087 4357 1233 4430 poetarum
