3216 5044
1187 422 1222 477 11

186 586 276 645 Nunc
299 585 390 662 igitur
420 583 653 644 diiudicautibus
676 585 772 660 nobis,
798 584 1004 661 quantumad
1027 585 1228 646 restituendas

104 688 247 764 genuinas
269 687 427 765 archetypi
450 687 595 747 lectiones
618 688 740 747 valeant
763 687 900 746 meliores
922 687 1042 748 codices
1070 690 1227 763 quantum·

104 809 160 866 que
184 789 358 866 deteriores,
381 788 455 849 haec
479 789 600 848 orIticae
622 790 696 849 artis
716 788 766 849 via
788 788 987 866 ingredienda
1009 788 1080 848 mihi
1101 788 1227 849 videtur.

103 892 239 953 Omnium
262 892 388 969 primum
418 890 719 968 circumspiciendum
743 907 798 967 est,
826 891 898 967 quid
925 909 962 951 ex
986 891 1157 951 melioribus
1180 909 1227 950 oo·

103 992 224 1064 dicibus,
253 993 304 1070 qui
328 1011 388 1052 non
412 995 571 1070 tantopere
599 993 732 1067 corrupti
756 996 826 1051 sunt
853 995 1040 1068 quantopere
1062 990 1228 1052 deteriores

102 1095 177 1166 libri,
200 1095 313 1154 lucrari
335 1094 494 1171 possimus,
515 1097 607 1171 atque
627 1093 695 1153 libri
711 1110 731 1171 y
747 1095 917 1171 scripturae
938 1094 1074 1153 omnibus
1090 1095 1133 1154 eis
1147 1094 1227 1166 locis,

105 1197 154 1257 ubi
176 1198 287 1257 servari
304 1199 432 1273 possunt
455 1215 554 1272 neque
571 1196 851 1273 interpolationibus
867 1199 950 1256 ortae
966 1199 1045 1274 sunt,
1067 1197 1096 1255 in
1113 1201 1226 1256 textum

104 1303 174 1358 sunt
196 1297 395 1374 recipiendae.
440 1297 491 1357 ldis
507 1303 604 1357 autem
622 1297 704 1375 locis,
727 1298 777 1356 ubi
798 1297 937 1358 meliores
953 1297 1072 1358 codices
1095 1299 1227 1375 corrupti

102 1403 180 1476 suut,
209 1398 389 1459 deteriorum
412 1404 510 1460 autem
534 1399 675 1459 librorum
699 1399 843 1459 lectiones
866 1406 992 1475 possunt
1015 1398 1145 1477 defendi,
1171 1419 1227 1478 pro

103 1501 215 1562 vitiosis
238 1502 392 1562 meliorum
417 1501 552 1561 codicum
576 1501 732 1578 scripturis
755 1501 928 1578 probandae
950 1504 1021 1561 sunt
1044 1501 1226 1563 deteriorum
1270 1543 1271 1548 η

101 1603 242 1664 librorum
264 1603 418 1664 lectiones.

187 1704 299 1766 Eodem
329 1706 419 1782 igitur
446 1704 509 1765 fere
537 1705 624 1766 modo
654 1706 759 1766 Dionis
790 1706 940 1766 orationes
969 1707 1129 1766 memoriae
1157 1707 1228 1767 mihi

101 1807 243 1867 videntur
265 1806 405 1884 proditae
428 1825 495 1867 esse
518 1812 618 1885 atque,
642 1812 674 1867 ut
692 1807 861 1884 exemplum
878 1808 1010 1884 afferam,
1032 1807 1088 1866 hae
1110 1809 1227 1884 iduripi·

99 1909 147 1968 dis
163 1907 348 1985 tragoediae:
373 1908 505 1985 Hecuba,
520 1907 654 1982 Orestes,
673 1908 864 1986 Phoenissae,
880 1909 1098 1986 Andromache,
1115 1910 1226 1986 Eippo·

99 2013 195 2089 lytus3
227 2029 276 2071 eas
303 2012 381 2070 enim
410 2011 581 2087 tragoedias
611 2013 635 2070 si
665 2012 823 2071 restituere
850 2011 1013 2086 studemus,
1043 2030 1103 2071 non
1131 2012 1226 2072 solum

98 2113 255 2174 codicibus
278 2113 429 2173 Marciano
459 2117 550 2189 atque
571 2112 726 2190 Vaticano,
749 2131 852 2174 verum
876 2115 963 2173 etiam
991 2113 1072 2173 libris
1094 2115 1227 2174 Lauren·

98 2216 185 2275 tiano
210 2220 302 2292 atque
325 2216 462 2276 Palatino
486 2216 648 2275 auotoritas
671 2216 830 2276 tribuenda
853 2220 907 2276 est.
