3216 5044
352 417 394 475 66

351 585 437 660 parvi
466 585 537 645 mihi
563 584 685 644 videtur
716 582 855 643 momenti
884 601 963 655 ense,
990 584 1014 643 si
1043 601 1124 643 nnnc
1154 601 1306 660 exponere
1336 583 1482 662 conabor,

352 705 429 764 quae
456 686 623 763 scripturae
651 685 710 745 sint
739 685 888 760 gequnae
917 684 1073 762 archetypi
1099 684 1251 744 lectiones
1294 685 1393 761 Atque
1418 686 1480 763 pri·

353 807 432 849 mum
455 788 575 866 quidem
599 787 685 846 valde
708 788 899 848 memorabile
922 792 976 865 est,
999 787 1080 865 quod
1104 786 1196 846 verbe
1217 776 1309 845 πολὺ
1332 771 1361 845 d'
1377 785 1481 866 αβρο·

353 881 439 968 σύνῃ
462 897 583 952 exstant
609 892 639 951 in
663 890 816 968 Euripidis
839 890 942 951 codiee
965 891 1129 961 Marciano,
1155 889 1209 950 sed
1231 908 1249 949 a
1270 891 1366 967 prtma
1388 909 1480 951 manu

352 994 383 1054 in
411 998 579 1054 ceterorum
608 991 744 1052 codicum
772 992 928 1053 lectionem
958 987 1088 1068 πολλῇ
1115 975 1145 1050 δ’
1166 973 1337 1070 ἁβροσύνῃ
1365 996 1482 1052 mutata

354 1100 433 1156 sunt
476 1095 650 1173 Euripidem
667 1096 762 1172 ipsum
785 1082 877 1153 πολύ
893 1078 923 1152 d'
935 1078 1114 1172 ἁβροσύνῃ,
1137 1113 1197 1155 non
1212 1090 1324 1170 πολλῇ
1339 1078 1369 1154 δ’
1381 1082 1481 1172 ἁβρο-

353 1187 438 1274 σύνῃ
460 1198 624 1275 scripsisse,
652 1216 689 1257 ex
713 1198 842 1258 metricis
865 1197 982 1274 legibus
1008 1202 1145 1274 apparet3
1174 1201 1266 1274 atque
1288 1197 1376 1257 etiam
1399 1199 1481 1258 Dion

354 1303 425 1379 quio
449 1300 606 1362 lectionem
629 1287 721 1358 πολύ
742 1286 772 1358 d⁹
787 1280 959 1379 ἁβροσύνῃ
981 1303 1102 1360 secutus
1118 1299 1163 1371 sit,
1185 1299 1307 1360 dubium
1330 1319 1390 1361 non
1412 1318 1483 1360 esse

353 1403 426 1463 mihi
449 1402 576 1463 videtur.
619 1403 697 1461 Nam
726 1402 839 1462 etiamsi
863 1401 1088 1463 concedendum
1112 1406 1158 1462 est
1184 1403 1337 1479 exemplar
1359 1403 1484 1480 Euripi·

354 1505 442 1566 deum
474 1506 501 1565 ei
531 1509 601 1564 ante
631 1503 734 1565 oculos
762 1523 822 1565 non
849 1503 954 1580 fuisse,
983 1523 1043 1564 non
1074 1503 1197 1581 negabis
1224 1509 1322 1564 tamen
1353 1506 1483 1565 Dionem

354 1607 481 1668 orationi
510 1607 673 1666 inseruisse
699 1623 827 1676 versum,
860 1607 910 1682 qui
939 1624 1006 1666 cum
1034 1607 1120 1665 metri
1147 1605 1263 1683 legibus
1292 1615 1484 1682 congrueret.

354 1709 480 1770 Accedit
496 1708 633 1770 codicum
647 1710 820 1768 auctorItas.
863 1708 1047 1785 Seriptoram
1067 1698 1171 1766 πολὺ
1193 1693 1222 1768 d'
1237 1691 1409 1786 ἁβροσύνῃ
1432 1728 1484 1770 ex-

354 1813 437 1873 hibet
460 1812 556 1872 codex
572 1811 736 1870 Vaticanus
752 1811 787 1886 V,
808 1800 913 1869 πολὺ
933 1795 1102 1888 ἁβροσύνῃ]
1125 1811 1279 1870 Parisinus
1295 1812 1327 1888 B,
1348 1801 1484 1870 πολλὺ

354 1899 383 1992 γ’
403 1901 572 1993 ἁβροσύνῃ
599 1913 753 1972 Parisinus
774 1913 809 1988 ῦς
841 1914 871 1972 iu
899 1912 980 1973 librIs
1005 1920 1105 1972 autem
1129 1912 1255 1974 PIINO
1271 1912 1402 1973 edveu.
1426 1932 1484 1990 pro

354 2003 447 2073 πολὺ
469 2017 567 2074 exstat
587 2009 722 2089 πολλῇ.
768 2014 851 2074 Haec
872 2013 960 2073 lectio
983 2008 1097 2088 πολλῇ
1119 2014 1161 2071 ita
1183 2013 1253 2072 mihi
1274 2013 1393 2073 videtur
1416 2021 1486 2074 orta

356 2134 430 2193 esse,
453 2121 486 2177 ut
509 2116 716 2193 archetypum,
739 2134 776 2175 ex
799 2133 858 2192 quo
882 2132 986 2175 omnes
1013 2115 1063 2192 qui
1087 2119 1208 2190 praesto
1231 2115 1318 2175 nobis
1340 2119 1410 2175 sunt
1434 2135 1484 2176 co·

356 2218 438 2279 dices
466 2218 628 2296 fluxerunt,
656 2217 795 2278 collatum
824 2235 890 2277 esse
917 2221 1174 2278 statuamus‘cum
1200 2218 1301 2294 aliquo
1327 2217 1485 2294 Euripidis

356 2322 467 2398 codice,
488 2321 517 2381 in
541 2339 600 2396 quo
622 2321 767 2398 scriptum
790 2325 869 2381 esset
891 2316 1020 2396 πολλῇ
1042 2304 1072 2378 d'
1088 2307 1269 2398 ἁβροσύνῃ
1296 2321 1372 2381 haec
1393 2323 1485 2383 lectio
1532 2355 1540 2370 ·

355 2423 511 2500 adscripta
533 2424 580 2483 est
602 2427 694 2498 atque
718 2422 787 2482 hinc
810 2423 839 2482 iu
855 2426 968 2483 textum
985 2423 1068 2482 venit
1090 2426 1119 2480 et
1142 2421 1322 2483 deteriorum
1346 2423 1484 2485 codicum

356 2625 462 2686 textus,
482 2633 544 2674 esse
562 2618 712 2688 maximum
731 2625 830 2688 putare
848 2624 940 2673 autem
959 2617 1129 2673 differentias
1146 2618 1210 2672 illas
1228 2617 1363 2687 originem
1382 2619 1487 2674 ducere

357 2719 392 2759 ex
410 2702 600 2772 neglegentia,
623 2717 680 2771 qua
697 2702 797 2756 Dionis
815 2702 955 2756 orationes
980 2701 1138 2770 descriptae
1161 2702 1226 2766 sint,
1248 2702 1400 2758 absurdum
1417 2705 1485 2760 mihi

357 2789 478 2844 ridetur.
516 2789 602 2842 lmmo
620 2787 720 2842 Dionis
733 2788 803 2842 ratio
821 2784 984 2856 proferendi
997 2802 1095 2842 versus
1114 2787 1303 2842 videturmihi
1320 2786 1408 2844 fuisse
1427 2806 1485 2845 non

357 2877 426 2944 eins,
451 2874 499 2943 qui
524 2888 606 2943 quam
624 2873 831 2928 accuratissime
850 2873 1017 2942 scriptorum
1035 2873 1110 2927 locos
1134 2873 1221 2928 textui
1239 2873 1408 2942 interponat,
1434 2876 1485 2930 sed

357 2963 427 3028 eins,
454 2958 503 3028 qui
524 2958 662 3026 neglectis
684 2957 802 3025 singulis
827 2958 911 3013 rebus
936 2972 1045 3026 semper
1067 2958 1097 3011 ld
1120 2958 1233 3025 scribat,
1260 2959 1337 3028 quod
1365 2960 1401 3014 ad
1426 2975 1485 3015 rem

356 3050 446 3115 ipsam
465 3044 612 3098 conducat.
647 3043 862 3109 Quamobrem
885 3043 948 3112 ipsa
966 3044 1053 3098 verba
1070 3044 1183 3098 aliunde
1202 3050 1313 3114 sumpta
1337 3051 1366 3098 et
1383 3046 1485 3100 verbe·

357 3147 418 3186 rum
436 3129 559 3184 ordinem
577 3144 632 3182 uon
647 3128 794 3198 diligenter
812 3128 945 3194 servavit,
964 3129 1015 3183 ssd
1034 3143 1115 3183 suum
1133 3129 1162 3182 in
1180 3144 1261 3184 neum
1281 3128 1361 3184 flexit
1378 3137 1407 3184 et
1425 3147 1486 3185 mu·

357 3215 435 3270 tavit.
466 3212 600 3282 „Saepius
613 3213 712 3280 enim“,
731 3219 764 3267 ut
774 3213 814 3267 ait
826 3212 1005 3278 Heraclius1),
1026 3213 1192 3282 „scriptores
1204 3219 1322 3268 utuntur
1338 3215 1485 3283 poetarum

357 3299 427 3358 locis
439 3298 607 3367 insignibus,
625 3313 680 3352 uon
694 3297 837 3366 exemplis,
856 3298 924 3366 quid
942 3298 1147 3367 praeceperint,
1165 3298 1340 3364 illustratori,
1358 3300 1409 3353 sed
1427 3300 1486 3354 suis

357 3387 480 3455 ipsorum
500 3384 648 3439 sententiis
666 3385 797 3438 maiorem
809 3383 975 3451 gravitatem
994 3385 1054 3438 sive
1070 3384 1237 3454 elegantiam
1255 3387 1403 3455 paratan.“
1442 3388 1486 3440 Ex

357 3473 406 3526 illa
429 3471 534 3527 citandi
552 3485 650 3526 versus
675 3471 783 3526 ratione
811 3485 945 3539 apparere
973 3468 1038 3524 milri
1061 3472 1174 3526 videtur
1200 3488 1256 3526 non
1283 3479 1357 3527 recte
1384 3472 1486 3528 fecisse

357 3560 511 3624 Reisltium,
530 3559 699 3628 Emporium,
718 3557 892 3612 Dindoriinm
912 3574 951 3612 or.
964 3557 1156 3625 inexusta
1173 3565 1202 3613 et
1215 3564 1254 3628 lt,
1278 3557 1327 3614 ubi
1347 3551 1380 3614 ἐκ
1400 3563 1486 3614 τοῦδε

358 3663 408 3716 pro
421 3640 510 3701 αὐτοῦ
520 3640 550 3700 de'
564 3650 661 3699 contra
672 3645 794 3710 omnium
807 3644 977 3698 Dioueorum
988 3644 1116 3698 codicum
1129 3645 1322 3700 auctoritatem
1336 3651 1487 3714 propterea

359 3733 539 3802 sumpserunt,
564 3730 639 3799 quod
662 3730 712 3784 illa
730 3730 868 3798 scriptura
891 3735 985 3784 exstat
1005 3727 1082 3798 apud
1099 3729 1261 3804 Euripidem
1286 3730 1380 3797 (Hero.
1394 3734 1446 3784 947
1460 3739 1487 3785 et

359 3819 429 3883 ato).
464 3815 497 3870 In
510 3814 638 3870 versibus
657 3815 784 3868 Electrae
797 3818 844 3868 231
860 3818 890 3868 et
904 3818 952 3867 232
971 3810 1163 3882 KIrehhoifius
1181 3813 1281 3869 Diome
1299 3831 1338 3869 or.
1351 3813 1419 3868 XIII
1433 3821 1487 3883 nt

359 3908 420 3958 etd
446 3917 565 3970 sequens
590 3894 650 3970 ἔχει
676 3915 708 3954 ac
726 3890 817 3954 τόπον
841 3916 893 3969 pro
912 3892 987 3968 ἔχων
1009 3913 1042 3952 ac
1060 3893 1161 3966 νόμον,
1186 3914 1257 3968 quae
1278 3901 1433 3969 scripturae
1457 3902 1486 3955 in

359 3987 520 4057 Euripideis
543 3987 724 4042 inveniuntur
748 3985 903 4052 codicibus,
927 3985 1081 4039 intextum
1102 3984 1215 4053 recepit
1251 3984 1371 4040 Weilius
1392 3993 1486 4042 autem

360 4089 412 4128 sue
429 4073 489 4128 iure
513 4070 659 4140 Euripidis
684 4070 809 4140 sequitur
833 4069 954 4136 codices,
978 4084 1095 4138 quornm
1115 4069 1250 4124 lectiones
1274 4069 1347 4124 bene
1371 4068 1487 4126 defendi

360 4163 489 4228 possunt,
513 4171 605 4225 neque
623 4155 709 4211 Dioni
727 4155 919 4210 auctoritatem
938 4154 1043 4209 tribuit.

447 4314 468 4380 ¹)
494 4310 653 4365 Herselins:
673 4311 733 4376 Qua
751 4309 779 4363 in
792 4308 912 4363 citandis
925 4308 1091 4374 scriptorum
1104 4313 1133 4362 et
1144 4308 1287 4377 petitarum
1299 4309 1368 4366 locis
1388 4315 1488 4370 auctor

361 4380 446 4436 libelli
464 4376 550 4452 „nent
566 4370 676 4450 duco&
694 4393 761 4434 usus
780 4379 818 4432 sit
836 4377 950 4434 ratione.
977 4376 1067 4433 Berol.
1086 4381 1157 4436 teet.
