3216 5044
368 412 410 468 24

368 574 542 638 Orationum
566 579 642 638 enim
666 578 750 655 ordo,
773 577 885 638 utiam
907 596 1000 656 supra
1022 579 1093 656 dixi,
1115 582 1146 639 et
1168 579 1198 638 in
1222 578 1422 640 deterioribus
1443 598 1490 640 co·

368 678 485 740 dicibus
512 684 543 740 et
568 680 599 739 in
621 680 802 740 ParisinoB
828 684 874 740 est
899 680 986 740 idem.
1030 682 1106 741 Tum
1133 681 1222 758 longe
1250 681 1384 758 plurimis
1410 681 1510 755 locis,¹

367 781 419 840 ubi
443 779 579 842 oodexB
601 782 754 857 conspirat
776 800 843 841 cnm
864 781 948 842 libris
963 783 1036 858 VM,
1058 782 1154 843 bonas
1174 782 1295 842 exhibet
1314 783 1490 860 scripturas3

367 881 413 942 sin
435 887 535 943 cutem
558 882 721 943 deteriores
742 884 878 960 sequitur
899 882 1001 960 libros,
1028 883 1196 944 reiciendne
1218 887 1290 943 sunt
1315 885 1379 944 eius
1401 885 1490 960 scrip-

368 988 463 1044 turae.
510 985 572 1043 Iam
598 1003 669 1045 vero
700 984 752 1061 qni
782 982 904 1044 mixtum
933 984 1065 1045 codicem
1088 987 1127 1045 B'
1152 984 1290 1058 confecit,
1319 980 1404 1046 illum
1431 1005 1491 1046 non

369 1085 516 1147 hominem
536 1085 630 1146 fnisse
652 1086 760 1147 Graeci
776 1087 921 1148 sermonis
935 1088 1115 1166 imperitum,
1137 1088 1191 1148 sed
1206 1089 1303 1149 virum
1319 1088 1491 1164 doctiorem,

369 1188 422 1266 qni
459 1188 602 1265 optimum
636 1189 762 1250 reddere
798 1189 948 1250 studuerit
978 1191 1085 1251 Dionis
1115 1195 1238 1269 textum,
1273 1195 1398 1268 propter
1428 1210 1490 1251 eam

371 1309 477 1352 censeo
501 1309 630 1370 cansam,
652 1291 733 1368 quod
757 1292 914 1369 permultis
935 1292 1115 1352 coniecturis
1137 1293 1333 1353 ParisinusB
1354 1294 1492 1371 impletus

370 1398 424 1454 eet
472 1395 532 1454 Eas
559 1399 656 1455 autem
684 1395 873 1455 coniecturas
903 1412 962 1454 non
991 1396 1021 1454 in
1047 1395 1143 1473 ipsum
1170 1395 1301 1456 codicem
1324 1397 1358 1472 B,
1384 1395 1436 1456 aed
1461 1395 1492 1455 in

371 1496 569 1575 archetypum
594 1497 632 1555 Bi
658 1499 819 1574 propterca
848 1497 946 1556 illatas
975 1515 1041 1557 esse
1070 1501 1203 1558 statuere
1233 1498 1384 1576 debemus,
1413 1497 1493 1575 quod

370 1599 546 1659 ParisiniB
573 1599 724 1658 librarium
755 1598 835 1659 haud
864 1617 990 1676 gnarum
1020 1599 1112 1660 fnisse
1144 1601 1264 1677 linguae
1294 1600 1427 1661 Graecae
1456 1618 1494 1659 ex

371 1701 470 1761 multis
500 1705 628 1778 apparet
657 1701 844 1778 corruptelis.
889 1701 974 1776 Quae
1004 1721 1070 1762 cum
1097 1704 1139 1761 ita
1166 1703 1233 1780 sint,
1263 1721 1323 1763 non
1350 1702 1494 1762 credibile

371 1808 425 1864 est⁴
439 1803 572 1864 codicem
593 1805 633 1863 Bi
655 1802 694 1863 ad
715 1802 871 1863 deterioris
886 1805 1005 1881 generis
1028 1803 1159 1864 codicem
1175 1805 1304 1882 aliquem
1328 1808 1493 1865 correctum

371 1911 416 1966 tot
435 1906 549 1966 mendis
572 1907 726 1982 impletum
743 1923 823 1983 esse;
845 1925 950 1967 verum
972 1925 1037 1966 eam
1059 1907 1197 1982 amplecti
1221 1925 1344 1968 necesse
1363 1910 1409 1967 eat
1429 1925 1495 1968 sen·

371 2009 505 2086 tentiam,
533 2007 614 2068 hunc
637 2007 745 2068 librum
774 2008 843 2067 olim
866 2008 896 2068 in
920 2007 1120 2069 deterioribus
1147 2007 1240 2069 fuisse
1268 2009 1360 2087 libris,
1387 2008 1496 2068 deinde

371 2116 472 2171 autem
497 2109 618 2170 doctum
640 2111 771 2187 aliquem
786 2111 882 2170 vinum
906 2110 1086 2186 depravatas
1102 2111 1191 2171 huius
1206 2109 1317 2172 codicis
1333 2111 1497 2186 scripturas

371 2211 549 2273 auctoritate
572 2211 683 2272 codicis
706 2212 725 2287 ξ
747 2229 855 2272 sanare
878 2212 1037 2271 studuisse.

457 2333 534 2392 'an
557 2331 640 2392 illius
661 2332 770 2392 mentio
788 2330 858 2390 mihi
875 2336 920 2392 est
935 2329 1074 2391 facienda
1090 2330 1284 2409 quaestionis,
1306 2335 1406 2392 utrum
1430 2349 1497 2390 cum

373 2435 617 2495 Mearmanniano
636 2436 666 2495 M
686 2453 724 2495 an
741 2452 806 2494 cum
823 2435 977 2494 VeneteV
997 2435 1152 2495 Parisinus
1169 2436 1192 2494 B
1212 2435 1305 2494 artius
1321 2435 1499 2494 coniunctus

372 2539 420 2598 sit.
468 2531 640 2615 Sonnyus¹)
671 2537 747 2597 enim
777 2536 975 2597 differentiam
1006 2536 1156 2614 quandam
1188 2541 1308 2628 castere
1335 2537 1414 2597 inter
1443 2537 1500 2596 hos

373 2640 449 2700 dnos
472 2640 563 2699 libros
586 2640 725 2716 exposuit
747 2639 850 2699 dicens
872 2638 910 2699 de
935 2637 1038 2699 codiee
1054 2640 1093 2700 V:
1124 2639 1224 2712 „scine
1239 2638 1370 2714 Vorlage
1392 2639 1432 2699 ist
1449 2640 1499 2716 je·
1558 2655 1562 2661 ·

374 2741 450 2801 doch
485 2741 563 2801 nach
595 2742 679 2801 einer
710 2740 908 2800 Handschriit
940 2744 1068 2801 erstorer
1098 2741 1209 2801 Klasse
1244 2740 1502 2817 durchoorrigiert

373 2843 537 2923 genesen.“
589 2843 756 2921 Hilgersius
783 2849 892 2921 autem,
923 2845 974 2920 qui
1008 2845 1086 2903 hanc
1113 2843 1314 2903 diversitatem
1344 2863 1405 2904 non
1433 2842 1518 2920 per-'

374 2947 479 3024 spexit,
503 2945 541 3006 ad
564 2946 644 3006 illam
668 2964 730 3006 rem
754 2945 882 3006 animum
907 2965 967 3006 non
990 2946 1127 3006 advertit

459 3067 545 3126 Hanc
572 3066 668 3142 ipsam
697 3066 904 3142 quaestionem
934 3065 1107 3143 priusquam
1139 3064 1302 3125 diiudicare
1331 3082 1502 3140 possumus,

374 3169 524 3229 nonnulla
547 3167 585 3227 de
608 3167 722 3244 origine
745 3168 881 3228 codicum
898 3169 958 3227 VM
980 3169 1010 3228 in
1034 3169 1203 3229 memoriam
1227 3173 1297 3228 sunt
1319 3166 1503 3227 revocanda.

375 3274 409 3331 ln
421 3270 519 3348 prima
531 3270 749 3330 dissertationis
761 3274 847 3348 parte
863 3271 1053 3348 exposuimus
1068 3271 1164 3348 ipsum
1182 3271 1455 3330 Maermannianum
1469 3273 1503 3329 M

374 3394 433 3435 non
463 3374 576 3434 directo
607 3393 645 3433 ex
673 3373 777 3434 codice
802 3390 820 3431 ο
852 3375 991 3434 hauetnm
1024 3392 1098 3446 esse,
1128 3374 1181 3434 sed
1200 3375 1361 3452 exstitisse
1391 3374 1502 3433 librum
1558 3394 1560 3399 ⁸

375 3477 524 3556 quendam
547 3494 584 3554 μ,
612 3478 662 3552 qni
687 3476 801 3537 medius
824 3463 917 3554 quasi
932 3477 970 3537 sit
996 3478 1075 3536 inter
1098 3476 1230 3537 codicem
1251 3479 1282 3538 M
1305 3482 1395 3553 atque
1418 3476 1504 3537 eodi-

375 3599 437 3641 cem
463 3595 490 3640 ο.
535 3579 623 3654 Quod
647 3579 683 3639 ad
706 3580 924 3640 Vaticanan
947 3581 1062 3657 attinet,
1085 3578 1160 3639 bene
1182 3579 1329 3639 intellexit
1350 3579 1504 3656 Sonnyusr,

376 3701 414 3743 ne
437 3684 518 3741 hunc
538 3681 659 3758 quidem
684 3681 790 3742 librum
815 3681 930 3743 directo
957 3701 994 3741 ex
1010 3683 1075 3758 ipso
1092 3681 1228 3743 codioec
1253 3681 1421 3758 defluxisse,
1445 3683 1505 3742 scd

376 3807 413 3846 ex
432 3787 491 3845 alio
507 3785 637 3860 quodam
658 3785 771 3862 codice,
793 3804 881 3863 quem
904 3786 1037 3861 littera&
1060 3785 1228 3861 significare
1251 3786 1347 3845 liceat.
1383 3788 1505 3863 Aggre-

376 3888 526 3950 dientibus
548 3888 634 3948 nobis
657 3889 694 3946 ad
718 3888 959 3965 pertractandam
984 3890 1079 3966 ipsam
1103 3889 1306 3965 quaestionem
1331 3890 1357 3948 ei
1381 3893 1505 3950 tantum

375 3991 551 4070 inspiciendi
567 3997 638 4050 sunt
653 3991 718 4067 loci,
742 3991 791 4050 ubi
815 3993 871 4051 soli
889 3991 1005 4052 codices
1021 3992 1175 4051 Parisinus
1190 3992 1214 4050 B
1238 3995 1267 4051 et
1282 3992 1508 4052 Mcermannia·

376 4114 432 4157 nus
455 4097 499 4173 M,
530 4100 582 4155 aut
611 4095 661 4154 ubi
694 4096 749 4155 soli
779 4095 932 4155 Parisinus
957 4096 981 4154 B
1013 4100 1043 4156 et
1070 4095 1283 4156 VaticanusV
1313 4096 1508 4176 conspirant3

377 4202 534 4274 praeterea
558 4197 584 4256 ei
608 4215 684 4273 quos
707 4197 865 4256 afferamus
887 4196 987 4257 idonei
1010 4202 1080 4256 sunt
1102 4197 1168 4269 loci,
1197 4196 1246 4258 nbi
1269 4197 1354 4257 etiam
1379 4197 1508 4259 codices

463 4379 484 4442 ¹)
505 4373 680 4431 Fleckeiscni
698 4375 820 4444 annales,
842 4379 915 4445 1886,
933 4376 987 4431 vol.
1002 4380 1058 4445 tec,
1076 4391 1103 4446 p.
1117 4379 1157 4429 96.
